
  
  
  
  
  
  
  
  
  
  
  
  
  
  
  
 
  
  <record xsi:schemaLocation="http://www.loc.gov/MARC21/slim http://www.loc.gov/standards/marcxml/schema/MARC21slim.xsd">
      <leader>00000cam a22      i 4500</leader>
      <controlfield tag="FMT">BK</controlfield>
      <controlfield tag="LDR">00000cam a22      i 4500</controlfield>
      <controlfield tag="001">005030755</controlfield>
      <controlfield tag="005">20170725135026.0</controlfield>
      <controlfield tag="008">170605s2012    it ab    b    100 0 ita d</controlfield>
      <datafield tag="010" ind1=" " ind2=" ">
         <subfield code="a">  2013393569</subfield>
      </datafield>
      <datafield tag="020" ind1=" " ind2=" ">
         <subfield code="a">9788865570999</subfield>
      </datafield>
      <datafield tag="020" ind1=" " ind2=" ">
         <subfield code="a">8865570997</subfield>
      </datafield>
      <datafield tag="035" ind1=" " ind2=" ">
         <subfield code="a">(OCoLC)853059995</subfield>
         <subfield code="z">(OCoLC)857385748</subfield>
      </datafield>
      <datafield tag="040" ind1=" " ind2=" ">
         <subfield code="a">ItFiC</subfield>
         <subfield code="b">eng</subfield>
         <subfield code="e">rda</subfield>
         <subfield code="c">DLC</subfield>
         <subfield code="d">C3L</subfield>
         <subfield code="d">STF</subfield>
         <subfield code="d">OCLCO</subfield>
         <subfield code="d">CHVBK</subfield>
         <subfield code="d">OCLCQ</subfield>
         <subfield code="d">OCLCF</subfield>
         <subfield code="d">OCLCQ</subfield>
         <subfield code="d">OCL</subfield>
         <subfield code="d">OCLCO</subfield>
         <subfield code="d">OCLCQ</subfield>
         <subfield code="d">ZYU</subfield>
      </datafield>
      <datafield tag="041" ind1="0" ind2=" ">
         <subfield code="a">ita</subfield>
         <subfield code="a">eng</subfield>
         <subfield code="a">fre</subfield>
         <subfield code="a">spa</subfield>
      </datafield>
      <datafield tag="042" ind1=" " ind2=" ">
         <subfield code="a">lccopycat</subfield>
      </datafield>
      <datafield tag="043" ind1=" " ind2=" ">
         <subfield code="a">ff-----</subfield>
         <subfield code="a">e------</subfield>
         <subfield code="a">aw-----</subfield>
         <subfield code="a">mm-----</subfield>
      </datafield>
      <datafield tag="050" ind1=" " ind2="4">
         <subfield code="a">BF1591</subfield>
         <subfield code="b">.C668 2009</subfield>
      </datafield>
      <datafield tag="050" ind1="0" ind2="0">
         <subfield code="a">BF1591</subfield>
         <subfield code="b">.C66 2009</subfield>
      </datafield>
      <datafield tag="079" ind1=" " ind2=" ">
         <subfield code="a">(OCoLC)853059995</subfield>
      </datafield>
      <datafield tag="082" ind1="0" ind2="4">
         <subfield code="a">133</subfield>
         <subfield code="2">21</subfield>
      </datafield>
      <datafield tag="111" ind1="2" ind2=" ">
         <subfield code="a">Convegno internazionale Contesti magici, contextos magicos</subfield>
         <subfield code="d">(2009 :</subfield>
         <subfield code="c">Rome, Italy),</subfield>
         <subfield code="e">issuing body.</subfield>
      </datafield>
      <datafield tag="245" ind1="1" ind2="0">
         <subfield code="a">Contesti magici =</subfield>
         <subfield code="b">Contextos mágicos /</subfield>
         <subfield code="c">a cura di Marina Piranomonte, Francisco Marco Simón.</subfield>
      </datafield>
      <datafield tag="246" ind1="3" ind2=" ">
         <subfield code="a">Contextos mágicos</subfield>
      </datafield>
      <datafield tag="264" ind1=" " ind2="1">
         <subfield code="a">Roma :</subfield>
         <subfield code="b">De Luca editori d'arte,</subfield>
         <subfield code="c">[2012]</subfield>
      </datafield>
      <datafield tag="300" ind1=" " ind2=" ">
         <subfield code="a">361 pages, 6 unnumbered pages :</subfield>
         <subfield code="b">illustrations maps ;</subfield>
         <subfield code="c">30 cm</subfield>
      </datafield>
      <datafield tag="336" ind1=" " ind2=" ">
         <subfield code="a">text</subfield>
         <subfield code="b">txt</subfield>
         <subfield code="2">rdacontent</subfield>
      </datafield>
      <datafield tag="337" ind1=" " ind2=" ">
         <subfield code="a">unmediated</subfield>
         <subfield code="b">n</subfield>
         <subfield code="2">rdamedia</subfield>
      </datafield>
      <datafield tag="338" ind1=" " ind2=" ">
         <subfield code="a">volume</subfield>
         <subfield code="b">nc</subfield>
         <subfield code="2">rdacarrier</subfield>
      </datafield>
      <datafield tag="500" ind1=" " ind2=" ">
         <subfield code="a">Proceedings of the conference held in Rome, Italy, November 4-6, 2009.</subfield>
      </datafield>
      <datafield tag="546" ind1=" " ind2=" ">
         <subfield code="a">Contributions in Italian, English, French, and Spanish.</subfield>
      </datafield>
      <datafield tag="504" ind1=" " ind2=" ">
         <subfield code="a">Includes bibliographical references (page 363).</subfield>
      </datafield>
      <datafield tag="505" ind1="0" ind2="0">
         <subfield code="t">Premessa /</subfield>
         <subfield code="r">Mariarosaria Barbera --</subfield>
         <subfield code="t">Introduzione /</subfield>
         <subfield code="r">Marina Piranomonte, Francisco Marco Simón.</subfield>
         <subfield code="g">[Part 1.]</subfield>
         <subfield code="t">General reflections and new approaches.</subfield>
         <subfield code="t">Risk and The Greeks : A New Approach to Understanding Binding Curses /</subfield>
         <subfield code="r">Esther Eidinow --</subfield>
         <subfield code="t">Il Piombo e la Magia : Il Rapporto Tra l'oggetto eIl Materiale A Proposito Degli Specchi Plumbei /</subfield>
         <subfield code="r">Giulia Baratta --</subfield>
         <subfield code="t">"Prayers for Justice" and The Categorization of Curse Tablets /</subfield>
         <subfield code="r">Martin Dreher --</subfield>
         <subfield code="t">Response to a Critique /</subfield>
         <subfield code="r">Henk Versnel --</subfield>
         <subfield code="t">Fixing The Race : Managing Risks In The North African Circus /</subfield>
         <subfield code="r">Richard Gordon --</subfield>
         <subfield code="t">Il Ritraito Dello Iettatore Fra Gli Autori Latini Del Primo Periodo Imperiale /</subfield>
         <subfield code="r">Anton Alvar Nuno.</subfield>
         <subfield code="g">[Part 2.]</subfield>
         <subfield code="t">The literary contexts.</subfield>
         <subfield code="t">El Paso Del Río en época Romana : Magia y Prodigio /</subfield>
         <subfield code="r">Santiago Montero --</subfield>
         <subfield code="t">The Legislation De Maleficis et Mathematica et Ceteris Similibus in the Codex Theodosianus XVI Text and Context of Constantinian Laws Regarding Haruspices /</subfield>
         <subfield code="r">María Victoria Escribano Paño --</subfield>
         <subfield code="t">Occultae Notae : Linee Evolutive Del Trattamento Del Reato Di Magia Negli Annales Di Tacito : Profilo Giuridico e Puntualizzazioni Lessicali /</subfield>
         <subfield code="r">Arduino Maiuri.</subfield>
         <subfield code="g">[Part 3.]</subfield>
         <subfield code="t">Mapping.</subfield>
         <subfield code="t">The Problem of Dense Concentrations of Data For Cartographers (and Chronographers) of Ancient Mediterranean Magic : Some Illustrative Case Studies From The East /</subfield>
         <subfield code="r">Christopher A. Faraone --</subfield>
         <subfield code="t">A Cartography of Defixiones in the Western Roman Empire /</subfield>
         <subfield code="r">Celia Sánchez Natalías --</subfield>
         <subfield code="t">Power and Evocation of the Exotic : Bilingual Magical Texts In The Latin West /</subfield>
         <subfield code="r">Francisco Marco Simón.</subfield>
         <subfield code="g">[Part 4.]</subfield>
         <subfield code="t">Archaeological contexts.</subfield>
         <subfield code="t">The Social Background of the Defixion Texts of Mater Magna At Mainz and Anna Perenna At Rome /</subfield>
         <subfield code="r">Juergen Blänsdorf --</subfield>
         <subfield code="t">Anna Perenna : Un Contesto Magico Straordinario /</subfield>
         <subfield code="r">Marina Piranomonte --</subfield>
      </datafield>
      <datafield tag="505" ind1="8" ind2="0">
         <subfield code="t">La Conservazione dei Materiali Magici del Santuario Di Anna Perenna : Il Restauro /</subfield>
         <subfield code="r">Ida Anna Rapinesi, Jarmila Polakova --</subfield>
         <subfield code="t">La Conservazione dei Materiali Magici del Santuario Di Anna Perenna : La Documentazione Attraverso Tecniche Digitali /</subfield>
         <subfield code="r">Rosa Maria Villani, Roberto Mauri --</subfield>
         <subfield code="t">The Curse Tablets of Richard Wünsch today /</subfield>
         <subfield code="r">Jamie Curbera --</subfield>
         <subfield code="t">Cosmic Dust : Magic and the Mundane in Britannia Antiqua and Beyond /</subfield>
         <subfield code="r">Miranda Aldhouse-Green --</subfield>
         <subfield code="t">La Panoplie Complète d'un Magicien Dans la Cave d'une Domus à Autricum (Chartres, France) : C. Verius Sedatus, Carnute, Gardien des Divinités /</subfield>
         <subfield code="r">Dominique Joly --</subfield>
         <subfield code="t">Textual Sources of Ancient Magic in Pannonia /</subfield>
         <subfield code="r">György Németh --</subfield>
         <subfield code="t">Tracce Di Ousia In Una Defixio Dalla Via Ostiense : Un Lavoro Multidisciplinare /</subfield>
         <subfield code="r">Gabriella Bevilacqua, Olimpia Colacicchi, Maria Rita Giuliani --</subfield>
         <subfield code="t">Publius Nigidius Figulus Pythagoricus et Magus /</subfield>
         <subfield code="r">Marc Mayer i Olivé --</subfield>
         <subfield code="t">Le Sortes Di Perugia /</subfield>
         <subfield code="r">Massimo Casagrande --</subfield>
         <subfield code="t">I Crepundia Dalla tomba 37 Della Necropoli Di Castel Malnome : Usi Funerari eRituali Magici /</subfield>
         <subfield code="r">Laura Cianfriglia, Alessio De Cristofaro --</subfield>
         <subfield code="t">Medea as a Mistress of Serpents /</subfield>
         <subfield code="r">Daniel Ogden.</subfield>
         <subfield code="g">[Part 5.]</subfield>
         <subfield code="t">Graeco-Egyptian Magic.</subfield>
         <subfield code="t">’Αγύρται : Pratiche Magiche, Itineranza e Marginalità Religiosa Nella Grecia Antica /</subfield>
         <subfield code="r">Pietro Giammellaro --</subfield>
         <subfield code="t">Horo, Osiride, Antinoo e le Lampade Magiche : Elementi Di Magia Egizia Nel Mondo Romano /</subfield>
         <subfield code="r">Giuseppina Capriotti Vittozzi --</subfield>
         <subfield code="t">Bruissements, Gestes Vocaux, Cris : Pour Une Réflexion sur le Contexte Sonore Des Rituels 'Magiques' /</subfield>
         <subfield code="r">Sabina Grippa --</subfield>
         <subfield code="t">The Library of the Magician /</subfield>
         <subfield code="r">Emilio Suárez de la Torre --</subfield>
         <subfield code="t">The Catalogue and Statistical Analysis of the Charaktêres Project : A First Introduction /</subfield>
         <subfield code="r">Kirsten Dzwiza --</subfield>
      </datafield>
      <datafield tag="505" ind1="8" ind2="0">
         <subfield code="t">"You Who Impose Sleep Upon Abimelech For Seventy Two Years" : An Egyptian Spell Against Insomnia /</subfield>
         <subfield code="r">Raquel Martín Hernàndez, Sofia Torallas Tovar --</subfield>
         <subfield code="t">Magic in Merovingian Gaul : Continuity or Discontinuity? /</subfield>
         <subfield code="r">Matthew Wallace Dickie.</subfield>
         <subfield code="g">[Part 6.]</subfield>
         <subfield code="t">Magic in medieval and modern periods.</subfield>
         <subfield code="t">The Arabic Tradition of Magic Squares : The First Steps of Its Transmission to Latin Europe /</subfield>
         <subfield code="r">Mercè Comes, Rosa Comes --</subfield>
         <subfield code="t">Bouteilles Magiques et Talismans Territoriaux : Le Palais Enchanté de Tolède et l'imaginaire De la Conquéte /</subfield>
         <subfield code="r">François Delpech --</subfield>
         <subfield code="t">Seiđr e Seiđkonur Nelle Saghe Islandesi /</subfield>
         <subfield code="r">Carla Del Zotto.</subfield>
      </datafield>
      <datafield tag="650" ind1=" " ind2="0">
         <subfield code="a">Magic</subfield>
         <subfield code="z">Rome</subfield>
         <subfield code="v">Congresses.</subfield>
      </datafield>
      <datafield tag="650" ind1=" " ind2="0">
         <subfield code="a">Magic</subfield>
         <subfield code="z">Mediterranean Region</subfield>
         <subfield code="x">History</subfield>
         <subfield code="y">To 1500</subfield>
         <subfield code="v">Congresses.</subfield>
      </datafield>
      <datafield tag="650" ind1=" " ind2="7">
         <subfield code="a">Magic.</subfield>
         <subfield code="2">fast</subfield>
         <subfield code="0">(OCoLC)fst01005468</subfield>
      </datafield>
      <datafield tag="651" ind1=" " ind2="7">
         <subfield code="a">Mediterranean Region.</subfield>
         <subfield code="2">fast</subfield>
         <subfield code="0">(OCoLC)fst01239752</subfield>
      </datafield>
      <datafield tag="651" ind1=" " ind2="7">
         <subfield code="a">Rome (Empire)</subfield>
         <subfield code="2">fast</subfield>
         <subfield code="0">(OCoLC)fst01204885</subfield>
      </datafield>
      <datafield tag="648" ind1=" " ind2="7">
         <subfield code="a">To 1500.</subfield>
         <subfield code="2">fast</subfield>
      </datafield>
      <datafield tag="655" ind1=" " ind2="7">
         <subfield code="a">Conference papers and proceedings.</subfield>
         <subfield code="2">fast</subfield>
         <subfield code="0">(OCoLC)fst01423772</subfield>
      </datafield>
      <datafield tag="655" ind1=" " ind2="7">
         <subfield code="a">History.</subfield>
         <subfield code="2">fast</subfield>
         <subfield code="0">(OCoLC)fst01411628</subfield>
      </datafield>
      <datafield tag="700" ind1="1" ind2=" ">
         <subfield code="a">Piranomonte, Marina,</subfield>
         <subfield code="e">editor.</subfield>
      </datafield>
      <datafield tag="700" ind1="1" ind2=" ">
         <subfield code="a">Marco Simón, Francisco,</subfield>
         <subfield code="e">editor.</subfield>
      </datafield>
      <datafield tag="856" ind1="4" ind2="1">
         <subfield code="3">Table of contents</subfield>
         <subfield code="u">http://catdir.loc.gov/catdir/toc/casalini12/13700200.pdf</subfield>
      </datafield>
      <datafield tag="OWN" ind1=" " ind2=" ">
         <subfield code="a">GENERAL</subfield>
      </datafield>
      <datafield tag="AVA" ind1=" " ind2=" ">
         <subfield code="a">NYU50</subfield>
         <subfield code="b">NISAW</subfield>
         <subfield code="c">Large Collection</subfield>
         <subfield code="d">BF1591 .C668 2009 Non-circulating</subfield>
         <subfield code="e">available</subfield>
         <subfield code="t">Available</subfield>
         <subfield code="f">1</subfield>
         <subfield code="g">0</subfield>
         <subfield code="h">N</subfield>
         <subfield code="i">0</subfield>
         <subfield code="j">LARGE</subfield>
         <subfield code="k">0</subfield>
      </datafield>
      <marc:datafield tag="852" ind1=" " ind2=" ">
         <marc:subfield code="b">Institute for the Study of the Ancient World, </marc:subfield>
         <marc:subfield code="c">Large Collection</marc:subfield>
         <marc:subfield code="e">15 East 84th St., </marc:subfield>
         <marc:subfield code="e">New York, NY  10028</marc:subfield>
      </marc:datafield>
   </record>