
  
  
  
  
  
  
  
  
  
  
  
  
  
  
 
  
  <record xsi:schemaLocation="http://www.loc.gov/MARC21/slim http://www.loc.gov/standards/marcxml/schema/MARC21slim.xsd">
      <leader>00000cam a22006731  4500</leader>
      <controlfield tag="FMT">BK</controlfield>
      <controlfield tag="LDR">00000cam a22006731  4500</controlfield>
      <controlfield tag="001">005030782</controlfield>
      <controlfield tag="003">OCoLC</controlfield>
      <controlfield tag="005">20170731132410.0</controlfield>
      <controlfield tag="008">710426s1967    cc abcf  b    101 0 eng</controlfield>
      <datafield tag="010" ind1=" " ind2=" ">
         <subfield code="a">68100453</subfield>
      </datafield>
      <datafield tag="015" ind1=" " ind2=" ">
         <subfield code="a">B68-00877</subfield>
      </datafield>
      <datafield tag="016" ind1="7" ind2=" ">
         <subfield code="a">B68-00877</subfield>
         <subfield code="2">uk</subfield>
      </datafield>
      <datafield tag="035" ind1=" " ind2=" ">
         <subfield code="a">(OCoLC)461541</subfield>
      </datafield>
      <datafield tag="040" ind1=" " ind2=" ">
         <subfield code="a">DLC</subfield>
         <subfield code="b">eng</subfield>
         <subfield code="c">DLC</subfield>
         <subfield code="d">NLGGC</subfield>
         <subfield code="d">BTCTA</subfield>
         <subfield code="d">YDXCP</subfield>
         <subfield code="d">HUA</subfield>
         <subfield code="d">OCLCO</subfield>
         <subfield code="d">GBVCP</subfield>
         <subfield code="d">OCLCF</subfield>
         <subfield code="d">OCLCQ</subfield>
         <subfield code="d">OCLCA</subfield>
         <subfield code="d">OCL</subfield>
         <subfield code="d">OCLCA</subfield>
         <subfield code="d">ZYU</subfield>
         <subfield code="d">OCL</subfield>
         <subfield code="d">ZYU</subfield>
      </datafield>
      <datafield tag="041" ind1=" " ind2=" ">
         <subfield code="a">eng</subfield>
         <subfield code="b">fre</subfield>
      </datafield>
      <datafield tag="043" ind1=" " ind2=" ">
         <subfield code="a">a-cc-hk</subfield>
         <subfield code="a">as-----</subfield>
      </datafield>
      <datafield tag="050" ind1="0" ind2="0">
         <subfield code="a">DS703.4</subfield>
         <subfield code="b">.S9 1961</subfield>
      </datafield>
      <datafield tag="079" ind1=" " ind2=" ">
         <subfield code="a">(OCoLC)461541</subfield>
      </datafield>
      <datafield tag="082" ind1="0" ind2="0">
         <subfield code="a">915.1/03</subfield>
      </datafield>
      <datafield tag="084" ind1=" " ind2=" ">
         <subfield code="a">15.75</subfield>
         <subfield code="2">bcl</subfield>
      </datafield>
      <datafield tag="084" ind1=" " ind2=" ">
         <subfield code="a">18.92</subfield>
         <subfield code="2">bcl</subfield>
      </datafield>
      <datafield tag="111" ind1="2" ind2=" ">
         <subfield code="a">Symposium on Historical Archaeological and Linguistic Studies on Southern China, South-East Asia and the Hong Kong Region</subfield>
         <subfield code="d">(1961 :</subfield>
         <subfield code="c">University of Hong Kong)</subfield>
      </datafield>
      <datafield tag="245" ind1="1" ind2="0">
         <subfield code="a">Symposium on Historical, Archaeological and Linguistic Studies on Southern China, South-East Asia and the Hong Kong Region:</subfield>
         <subfield code="b">papers presented at meetings held in September 1961 as part of the Golden Jubilee Congress of the University of Hong Kong;</subfield>
         <subfield code="c">F.S. Drake general editor, Wolfram Eberhard chairman of the proceedings.</subfield>
      </datafield>
      <datafield tag="246" ind1="1" ind2="5">
         <subfield code="6">880-01</subfield>
         <subfield code="a">Hua nan Gang Ao ji Dong nan Ya li shi kao gu yu wen yan jiu lun wen ji</subfield>
      </datafield>
      <datafield tag="246" ind1="1" ind2="8">
         <subfield code="a">Southern China, South-East Asia and the Hong Kong Region</subfield>
      </datafield>
      <datafield tag="260" ind1=" " ind2=" ">
         <subfield code="a">Hong Kong,</subfield>
         <subfield code="b">Hong Kong U.P.;</subfield>
         <subfield code="a">London,</subfield>
         <subfield code="b">Oxford U.P.,</subfield>
         <subfield code="c">1967.</subfield>
      </datafield>
      <datafield tag="300" ind1=" " ind2=" ">
         <subfield code="a">xi, 387 pages</subfield>
         <subfield code="b">36 plates (including 1 folded), illustrations, facsimiles, maps, portraits</subfield>
         <subfield code="c">26 cm</subfield>
      </datafield>
      <datafield tag="336" ind1=" " ind2=" ">
         <subfield code="a">text</subfield>
         <subfield code="b">txt</subfield>
         <subfield code="2">rdacontent</subfield>
      </datafield>
      <datafield tag="337" ind1=" " ind2=" ">
         <subfield code="a">unmediated</subfield>
         <subfield code="b">n</subfield>
         <subfield code="2">rdamedia</subfield>
      </datafield>
      <datafield tag="338" ind1=" " ind2=" ">
         <subfield code="a">volume</subfield>
         <subfield code="b">nc</subfield>
         <subfield code="2">rdacarrier</subfield>
      </datafield>
      <datafield tag="500" ind1=" " ind2=" ">
         <subfield code="a">ISAW copy is from the library of Susan L. Beningson.</subfield>
         <subfield code="5">NyNyUAW</subfield>
      </datafield>
      <datafield tag="546" ind1=" " ind2=" ">
         <subfield code="a">Second title page in Chinese. Three contributions in French.</subfield>
      </datafield>
      <datafield tag="504" ind1=" " ind2=" ">
         <subfield code="a">Includes bibliographical references and indexes.</subfield>
      </datafield>
      <datafield tag="505" ind1="0" ind2="0">
         <subfield code="g">Foreword /</subfield>
         <subfield code="r">Lindsay Ride.</subfield>
         <subfield code="g">Part I.</subfield>
         <subfield code="t">Archaeology and Prehistoric Migrations.</subfield>
         <subfield code="t">Neolithic Adzes with Differentiated Butt, in South China, South-East Asia and Polynesia /</subfield>
         <subfield code="r">Roger Duff --</subfield>
         <subfield code="t">Two Pottery Traditions of Late Prehistoric Times in South-East Asia /</subfield>
         <subfield code="r">Wilhelm G. Solheim II --</subfield>
         <subfield code="t">Persistance Culturelle du Substrat Indonésien chez les Vietnamiens actuels /</subfield>
         <subfield code="r">Nghiêm-Thâm --</subfield>
         <subfield code="t">Notes on Some Complex Problems raised by Excavations in South-East Asia /</subfield>
         <subfield code="r">O. Janse --</subfield>
         <subfield code="t">A Survey of Prehistoric Sites in the Hong Kong Region /</subfield>
         <subfield code="r">S. M. Bard.</subfield>
         <subfield code="g">Part II.</subfield>
         <subfield code="t">Racial Groups of South China and South-East Asia, Their Languages and Migrations.</subfield>
         <subfield code="t">Thai Migrations /</subfield>
         <subfield code="r">Prince Dhaninivat --</subfield>
         <subfield code="t">A Study of the Miao People /</subfield>
         <subfield code="r">Ruey Yih-fu --</subfield>
         <subfield code="t">The Ethnological Problems connected with Nanchao /</subfield>
         <subfield code="r">Michael Blackmore --</subfield>
         <subfield code="t">Two Thai MSS on the K'unlun Kingdom /</subfield>
         <subfield code="r">Kachorn Sukhabanij --</subfield>
         <subfield code="t">The Calendar of Lucky Days used by the Sani Tribes of Yünnan and the Cycle of Twelve Animals /</subfield>
         <subfield code="r">Lo Hsiang-lin --</subfield>
      </datafield>
      <datafield tag="505" ind1="0" ind2="0">
         <subfield code="9"/>
         <subfield code="t">Moso Sound and Tone Charts /</subfield>
         <subfield code="r">Li Lin-ts'an, Chang K'un, and Ho Ts'ai --</subfield>
         <subfield code="t">The Shê Settlements in the Han River Basin, Kwangtung /</subfield>
         <subfield code="r">Jo Tsung-i --</subfield>
         <subfield code="t">The Yüeh Bronze Drums, their Manufacture and Use /</subfield>
         <subfield code="r">Lo Hsiang-lin --</subfield>
         <subfield code="t">The Chuang People of South China /</subfield>
         <subfield code="r">Princeton Sung-shih Hsü --</subfield>
         <subfield code="t">The Tanka [Chinese characters] or Boat People of South China /</subfield>
         <subfield code="r">Ho Kê-ên --</subfield>
         <subfield code="t">Wongchuk = Left, Wongma = Right? A possible clue to one of the local pre-Chinese languages /</subfield>
         <subfield code="r">K. M. A. Barnett.</subfield>
         <subfield code="g">Part III.</subfield>
         <subfield code="t">The Southward Expansion of the Han Chinese in Historical Times.</subfield>
         <subfield code="t">Chinese Penetration to the South during the Han Period (Abstract) /</subfield>
         <subfield code="r">Michael Loewe --</subfield>
         <subfield code="t">Kweichow in the Han Period /</subfield>
         <subfield code="r">Wang Chee-shu --</subfield>
         <subfield code="t">Sung Poets in Canton (Abstract) /</subfield>
         <subfield code="r">Yoshikawa Kōjirō --</subfield>
         <subfield code="t">Social Mobility and Migration of South Chinese Families (Abstract) /</subfield>
         <subfield code="r">W. Eberhard --</subfield>
         <subfield code="t">The Southward Expansion of Chinese Civilization and the Advancement of Learning in Kwangtung Province /</subfield>
         <subfield code="r">Lo Hsiang-lin --</subfield>
      </datafield>
      <datafield tag="505" ind1="0" ind2="0">
         <subfield code="9"/>
         <subfield code="t">Suzerainty over Annam : A Legal Discussion of China's Traditional Concept /</subfield>
         <subfield code="r">Klaus Mäding --</subfield>
         <subfield code="t">Cities in North and South China (Abstract) /</subfield>
         <subfield code="r">F. W. Mote --</subfield>
         <subfield code="t">The Han Chinese in Hunan under the Northern Sung Dynasty /</subfield>
         <subfield code="r">P. K. Yü.</subfield>
         <subfield code="g">Part IV. A.</subfield>
         <subfield code="t">Sea Routes Between India, South-East Asia and China, and the Development of South-East Asian States.</subfield>
         <subfield code="t">The Intellectual Atmosphere in Lingnan at the Time of the Introduction of Buddhism /</subfield>
         <subfield code="r">G. E. Sargent --</subfield>
         <subfield code="t">Notes on the Studies of Ancient Malaya /</subfield>
         <subfield code="r">Hsü Yün-ts'iao --</subfield>
         <subfield code="t">Islam in Canton in the Sung Period, Some Fragmentary Records /</subfield>
         <subfield code="r">Lo Hsiang-lin --</subfield>
         <subfield code="t">British Quest for China Trade by the Routes across Burma (1826-1876) /</subfield>
         <subfield code="r">Thaung Blackmore --</subfield>
         <subfield code="t">Some Place-Names in the South Seas in the Yung-lo ta-tien [Chinese characters] /</subfield>
         <subfield code="r">Jao Tsung-i --</subfield>
         <subfield code="t">Places in South-East Asia, the Middle East, and Africa visited by Chêng Ho and his Companions, A.D. 1405-1433 /</subfield>
         <subfield code="r">Su Chung-jen --</subfield>
      </datafield>
      <datafield tag="505" ind1="0" ind2="0">
         <subfield code="9"/>
         <subfield code="t">The Ming shih-lu [Chinese characters] : New Studies in South-East Asia /</subfield>
         <subfield code="r">L. Y. Chiu --</subfield>
         <subfield code="t">Sino-Javanese Relations in the Early Ming Period /</subfield>
         <subfield code="r">L. Y. Chiu --</subfield>
         <subfield code="t">The Smuggling Trade between China and South-East Asia during the Ming Dynasty /</subfield>
         <subfield code="r">Chan Cheung.</subfield>
         <subfield code="g">. [Part IV.] B.</subfield>
         <subfield code="t">Portuguese and English Linguistic Studies.</subfield>
         <subfield code="t">Pidgin English and Portuguese /</subfield>
         <subfield code="r">Edgar C. Knowlton, Jr --</subfield>
         <subfield code="t">On the Portuguese Dialect of Hong Kong /</subfield>
         <subfield code="r">R. W. Thompson --</subfield>
         <subfield code="t">Exotic Preferences in the Lexicon of English as spoken in Hong Kong /</subfield>
         <subfield code="r">R. W. Thompson.</subfield>
         <subfield code="g">Part V.</subfield>
         <subfield code="t">The Hong Kong and Macao Region and South-East Asia in Chinese and Far Eastern Scholarship.</subfield>
         <subfield code="t">The First English Sinologists : Sir George Staunton and the Reverend Robert Morrison /</subfield>
         <subfield code="r">J. L. Cranmer-Byng --</subfield>
         <subfield code="t">Wang T'ao and his Western Friends /</subfield>
         <subfield code="r">Lo Hsiang-lin --</subfield>
         <subfield code="t">Ku Hung-ming and his Interpretation of Chinese Civilization /</subfield>
         <subfield code="r">Liu Ts'un-yan --</subfield>
         <subfield code="t">Four Chinese Students of the Hong Kong Morrison Memorial School /</subfield>
         <subfield code="r">Chan Hok-lam --</subfield>
      </datafield>
      <datafield tag="505" ind1="0" ind2="0">
         <subfield code="9"/>
         <subfield code="t">Les Transcriptions de la Langue Vietnamienne et l'Oeuvre des Missionnaries Européens /</subfield>
         <subfield code="r">Maurice Durand --</subfield>
         <subfield code="t">Un Rescapé Russe sur le Sol Vietnamien au XIXe siècle /</subfield>
         <subfield code="r">Bui Quang Tung --</subfield>
         <subfield code="t">Chinese Literature in South-East Asia /</subfield>
         <subfield code="r">Ho Kuang-chung --</subfield>
         <subfield code="t">Chinese Studies in Taiwan /</subfield>
         <subfield code="r">C. T. Lo --</subfield>
         <subfield code="t">Burmese Historical Literature, and Native and Foreign Scholarship /</subfield>
         <subfield code="r">Thaung Blackmore.</subfield>
      </datafield>
      <datafield tag="651" ind1=" " ind2="0">
         <subfield code="a">China</subfield>
         <subfield code="x">Study and teaching</subfield>
         <subfield code="v">Congresses.</subfield>
      </datafield>
      <datafield tag="651" ind1=" " ind2="0">
         <subfield code="a">Hong Kong (China)</subfield>
         <subfield code="x">Study and teaching</subfield>
         <subfield code="v">Congresses.</subfield>
      </datafield>
      <datafield tag="651" ind1=" " ind2="0">
         <subfield code="a">China</subfield>
         <subfield code="x">Languages</subfield>
         <subfield code="v">Congresses.</subfield>
      </datafield>
      <datafield tag="651" ind1=" " ind2="0">
         <subfield code="a">Southeast Asia</subfield>
         <subfield code="x">Languages</subfield>
         <subfield code="v">Congresses.</subfield>
      </datafield>
      <datafield tag="651" ind1=" " ind2="0">
         <subfield code="a">China</subfield>
         <subfield code="x">History</subfield>
         <subfield code="v">Congresses.</subfield>
      </datafield>
      <datafield tag="651" ind1=" " ind2="0">
         <subfield code="a">Southeast Asia</subfield>
         <subfield code="x">History</subfield>
         <subfield code="v">Congresses.</subfield>
      </datafield>
      <datafield tag="650" ind1=" " ind2="7">
         <subfield code="a">Language and languages.</subfield>
         <subfield code="2">fast</subfield>
         <subfield code="0">(OCoLC)fst00992154</subfield>
      </datafield>
      <datafield tag="650" ind1=" " ind2="7">
         <subfield code="a">Study skills.</subfield>
         <subfield code="2">fast</subfield>
         <subfield code="0">(OCoLC)fst01136216</subfield>
      </datafield>
      <datafield tag="651" ind1=" " ind2="7">
         <subfield code="a">China.</subfield>
         <subfield code="2">fast</subfield>
         <subfield code="0">(OCoLC)fst01206073</subfield>
      </datafield>
      <datafield tag="651" ind1=" " ind2="7">
         <subfield code="a">China</subfield>
         <subfield code="z">Hong Kong.</subfield>
         <subfield code="2">fast</subfield>
         <subfield code="0">(OCoLC)fst01260796</subfield>
      </datafield>
      <datafield tag="651" ind1=" " ind2="7">
         <subfield code="a">Southeast Asia.</subfield>
         <subfield code="2">fast</subfield>
         <subfield code="0">(OCoLC)fst01240499</subfield>
      </datafield>
      <datafield tag="655" ind1=" " ind2="7">
         <subfield code="a">Conference papers and proceedings.</subfield>
         <subfield code="2">fast</subfield>
         <subfield code="0">(OCoLC)fst01423772</subfield>
      </datafield>
      <datafield tag="655" ind1=" " ind2="7">
         <subfield code="a">History.</subfield>
         <subfield code="2">fast</subfield>
         <subfield code="0">(OCoLC)fst01411628</subfield>
      </datafield>
      <datafield tag="700" ind1="1" ind2=" ">
         <subfield code="a">Beningson, Susan L.,</subfield>
         <subfield code="e">former owner.</subfield>
         <subfield code="5">NyNyUAW</subfield>
      </datafield>
      <datafield tag="740" ind1="0" ind2=" ">
         <subfield code="a">Beningson Collection.</subfield>
         <subfield code="5">NyNyUAW</subfield>
      </datafield>
      <datafield tag="700" ind1="1" ind2=" ">
         <subfield code="a">Drake, F. S.,</subfield>
         <subfield code="d">1892-1974.</subfield>
      </datafield>
      <datafield tag="710" ind1="2" ind2=" ">
         <subfield code="a">University of Hong Kong.</subfield>
      </datafield>
      <datafield tag="776" ind1="0" ind2="8">
         <subfield code="i">Online version:</subfield>
         <subfield code="a">Symposium on Historical Archaeological and Linguistic Studies on Southern China, South-East Asia and the Hong Kong Region (1961 : University of Hong Kong).</subfield>
         <subfield code="t">Symposium on Historical, Archaeological and Linguistic Studies on Southern China, South-East Asia and the Hong Kong Region.</subfield>
         <subfield code="d">Hong Kong, Hong Kong U.P.; London, Oxford U.P., 1967</subfield>
         <subfield code="w">(OCoLC)610136307</subfield>
      </datafield>
      <datafield tag="880" ind1="1" ind2="5">
         <subfield code="6">246-01/</subfield>
         <subfield code="a">華南港澳暨東南亞歷史考古語文研究論文集</subfield>
      </datafield>
      <datafield tag="OWN" ind1=" " ind2=" ">
         <subfield code="a">GENERAL</subfield>
      </datafield>
      <datafield tag="AVA" ind1=" " ind2=" ">
         <subfield code="a">NYU50</subfield>
         <subfield code="b">NISAW</subfield>
         <subfield code="c">Small Collection</subfield>
         <subfield code="d">DS703.4 .S9 1961 Non-circulating</subfield>
         <subfield code="e">available</subfield>
         <subfield code="t">Available</subfield>
         <subfield code="f">1</subfield>
         <subfield code="g">0</subfield>
         <subfield code="h">N</subfield>
         <subfield code="i">0</subfield>
         <subfield code="j">SMALL</subfield>
         <subfield code="k">0</subfield>
      </datafield>
      <marc:datafield tag="852" ind1=" " ind2=" ">
         <marc:subfield code="b">Institute for the Study of the Ancient World, </marc:subfield>
         <marc:subfield code="c">Small Collection</marc:subfield>
         <marc:subfield code="e">15 East 84th St., </marc:subfield>
         <marc:subfield code="e">New York, NY  10028</marc:subfield>
      </marc:datafield>
   </record>