
  
  
  
  
  
  
  
  
  
  
 
  
  <record xsi:schemaLocation="http://www.loc.gov/MARC21/slim http://www.loc.gov/standards/marcxml/schema/MARC21slim.xsd">
      <leader>00000cam a2200589 i 4500</leader>
      <controlfield tag="FMT">BK</controlfield>
      <controlfield tag="LDR">00000cam a2200589 i 4500</controlfield>
      <controlfield tag="001">004236455</controlfield>
      <controlfield tag="003">OCoLC</controlfield>
      <controlfield tag="005">20170707145600.9</controlfield>
      <controlfield tag="008">160219t20162016sw a     b    001 0deng c</controlfield>
      <datafield tag="020" ind1=" " ind2=" ">
         <subfield code="a">9789170812057</subfield>
         <subfield code="q">(hardcover)</subfield>
      </datafield>
      <datafield tag="020" ind1=" " ind2=" ">
         <subfield code="a">9170812055</subfield>
         <subfield code="q">(hardcover)</subfield>
      </datafield>
      <datafield tag="024" ind1="3" ind2=" ">
         <subfield code="a">9789170812057</subfield>
      </datafield>
      <datafield tag="035" ind1=" " ind2=" ">
         <subfield code="a">(OCoLC)940475252</subfield>
         <subfield code="z">(OCoLC)940667026</subfield>
         <subfield code="z">(OCoLC)956745202</subfield>
      </datafield>
      <datafield tag="040" ind1=" " ind2=" ">
         <subfield code="a">OHX</subfield>
         <subfield code="b">eng</subfield>
         <subfield code="e">rda</subfield>
         <subfield code="c">OHX</subfield>
         <subfield code="d">OCLCO</subfield>
         <subfield code="d">PIT</subfield>
         <subfield code="d">OSU</subfield>
         <subfield code="d">ERASA</subfield>
         <subfield code="d">OCLCF</subfield>
         <subfield code="d">XII</subfield>
         <subfield code="d">YUS</subfield>
         <subfield code="d">OCL</subfield>
         <subfield code="d">YDX</subfield>
         <subfield code="d">ZLM</subfield>
         <subfield code="d">UBY</subfield>
         <subfield code="d">OCLCA</subfield>
      </datafield>
      <datafield tag="042" ind1=" " ind2=" ">
         <subfield code="a">pcc</subfield>
      </datafield>
      <datafield tag="043" ind1=" " ind2=" ">
         <subfield code="a">e-it---</subfield>
      </datafield>
      <datafield tag="050" ind1=" " ind2="4">
         <subfield code="a">NK4649</subfield>
         <subfield code="b">.T74 2016</subfield>
      </datafield>
      <datafield tag="050" ind1=" " ind2="4">
         <subfield code="a">NK4657.I8</subfield>
         <subfield code="b">T69 2016</subfield>
      </datafield>
      <datafield tag="072" ind1=" " ind2="7">
         <subfield code="a">ND</subfield>
         <subfield code="2">lcco</subfield>
      </datafield>
      <datafield tag="079" ind1=" " ind2=" ">
         <subfield code="a">(OCoLC)940475252</subfield>
      </datafield>
      <datafield tag="082" ind1="0" ind2="4">
         <subfield code="a">938</subfield>
      </datafield>
      <datafield tag="100" ind1="1" ind2=" ">
         <subfield code="a">Trendall, A. D.</subfield>
         <subfield code="q">(Arthur Dale),</subfield>
         <subfield code="d">1909-1995,</subfield>
         <subfield code="e">author.</subfield>
      </datafield>
      <datafield tag="245" ind1="1" ind2="0">
         <subfield code="a">Myth, drama and style in South Italian vase-painting :</subfield>
         <subfield code="b">selected papers by A.D. Trendall /</subfield>
         <subfield code="c">edited by Ian McPhee.</subfield>
      </datafield>
      <datafield tag="246" ind1="3" ind2="0">
         <subfield code="a">Selected papers by A.D. Trendall</subfield>
      </datafield>
      <datafield tag="264" ind1=" " ind2="1">
         <subfield code="a">Uppsala :</subfield>
         <subfield code="b">Åströms förlag,</subfield>
         <subfield code="c">2016.</subfield>
      </datafield>
      <datafield tag="264" ind1=" " ind2="4">
         <subfield code="c">©2016</subfield>
      </datafield>
      <datafield tag="300" ind1=" " ind2=" ">
         <subfield code="a">xl, 299 pages :</subfield>
         <subfield code="b">illustrations (some color) ;</subfield>
         <subfield code="c">26 cm.</subfield>
      </datafield>
      <datafield tag="336" ind1=" " ind2=" ">
         <subfield code="a">text</subfield>
         <subfield code="2">rdacontent</subfield>
      </datafield>
      <datafield tag="337" ind1=" " ind2=" ">
         <subfield code="a">unmediated</subfield>
         <subfield code="2">rdamedia</subfield>
      </datafield>
      <datafield tag="338" ind1=" " ind2=" ">
         <subfield code="a">volume</subfield>
         <subfield code="2">rdacarrier</subfield>
      </datafield>
      <datafield tag="490" ind1="1" ind2=" ">
         <subfield code="a">Studies in Mediterranean archaeology and literature. PB ;</subfield>
         <subfield code="v">182</subfield>
      </datafield>
      <datafield tag="500" ind1=" " ind2=" ">
         <subfield code="a">A collection of 21 previously published essays. Original dates of publication range from 1964 to 1992.</subfield>
      </datafield>
      <datafield tag="504" ind1=" " ind2=" ">
         <subfield code="a">Includes bibliographical references and indexes.</subfield>
      </datafield>
      <datafield tag="505" ind1="0" ind2="0">
         <subfield code="t">A.D. Trendall 1901-1995: a memoir /</subfield>
         <subfield code="r">by Ian McPhee --</subfield>
         <subfield code="t">Publications by A.D. Trendall compiled by Ian McPhee --</subfield>
         <subfield code="t">Poseidon and Amymone on an Apulian pelike (1977) --</subfield>
         <subfield code="t">Callisto in Apulian vase-painting (1977) --</subfield>
         <subfield code="t">A Campanian lekanis in Lugano with the rape of Persephone (1981) --</subfield>
         <subfield code="t">Medea at Eleusis on a volute krater by the Darius Painter (1984) --</subfield>
         <subfield code="t">An Apulian loutrophoros representing the Tantalidae (1985) --</subfield>
         <subfield code="t">Two Apulian calyx-kraters with representations of Amphion and Zethos (1986) --</subfield>
         <subfield code="t">The daughters of Anios (1986) --</subfield>
         <subfield code="t">Farce and tragedy in South Italian vase-painting (1991) --</subfield>
         <subfield code="t">A Campanian phlyax vase (1975) -- A new Early Apulian phlyax vase (1975) --</subfield>
         <subfield code="t">Masks on Apulian red-figured vases (1988) --</subfield>
         <subfield code="t">An Apulian bell-krater depicting the mask of a white-haired phlyax (1995) --</subfield>
         <subfield code="t">A Sicilian neck-amphora (1965) --</subfield>
         <subfield code="t">A Sicilian skyphoid pyxis in Lugano (1980) --</subfield>
         <subfield code="t">new vases by the Chequer Painter (1992) --</subfield>
         <subfield code="t">Three new Campanian vases (1983) --</subfield>
         <subfield code="t">A red-figured calyx-krater from Nocera (1985) --</subfield>
         <subfield code="t">Two new South Italian vases (1967) --</subfield>
         <subfield code="t">The Felton Painter and a newly acquired Apulian comic vase by his hand (1964) --</subfield>
         <subfield code="t">Two vases by the Truro painter in a Melbourne private collection (1990) --</subfield>
         <subfield code="t">Three Apulian kraters in Berlin (1970).</subfield>
      </datafield>
      <datafield tag="520" ind1="8" ind2=" ">
         <subfield code="a">From the contents: Myth: Poseidon and Anymone on an Apulian pelike (1977) / Callisto in Apulian vase-painting (1977) / A Campanian lekanis in Lugano with the rape of Persephone / Drama: Farce and tragedy in South Italian vase-painting (1991) / Masks on Apulian red-figured vases (1988) / Regional styles and painters: The Felton painter and a newly acquired Apulian comic vase by his hand / Three Apulian kraters in Berlin (1970) ...</subfield>
      </datafield>
      <datafield tag="520" ind1=" " ind2=" ">
         <subfield code="a">"A.D. (Dale) Trendall's work on vase-painting in South Italy defined the discipline. Alongside his fundamental monographs, he wrote many shorter studies of particular vases, painters and subjects. These remain very significant for our understanding of the development of red-figure vase-painting in South Italy and Sicily during the Classical period. In this collection Ian McPhee has selected twenty-one of Trendall's most important and entertaining articles. They explore the representation of myths and dramatic scenes and offer detailed analyses of regional styles and individual painters." -- Provided by publisher</subfield>
      </datafield>
      <datafield tag="650" ind1=" " ind2="0">
         <subfield code="a">Vase-painting, Greek</subfield>
         <subfield code="z">Italy, Southern.</subfield>
      </datafield>
      <datafield tag="650" ind1=" " ind2="0">
         <subfield code="a">Art and mythology.</subfield>
      </datafield>
      <datafield tag="650" ind1=" " ind2="0">
         <subfield code="a">Theater in art.</subfield>
      </datafield>
      <datafield tag="650" ind1=" " ind2="0">
         <subfield code="a">Vase-painting</subfield>
         <subfield code="z">Italy</subfield>
         <subfield code="z">Salentina Peninsula.</subfield>
      </datafield>
      <datafield tag="650" ind1=" " ind2="0">
         <subfield code="a">Vase-painting</subfield>
         <subfield code="z">Italy, Southern.</subfield>
      </datafield>
      <datafield tag="650" ind1=" " ind2="0">
         <subfield code="a">Vases, Ancient</subfield>
         <subfield code="z">Italy, Southern.</subfield>
      </datafield>
      <datafield tag="600" ind1="1" ind2="0">
         <subfield code="a">Trendall, A. D.</subfield>
         <subfield code="q">(Arthur Dale),</subfield>
         <subfield code="d">1909-1995.</subfield>
      </datafield>
      <datafield tag="600" ind1="1" ind2="7">
         <subfield code="a">Trendall, A. D.</subfield>
         <subfield code="q">(Arthur Dale),</subfield>
         <subfield code="d">1909-1995.</subfield>
         <subfield code="2">fast</subfield>
         <subfield code="0">(OCoLC)fst01759721</subfield>
      </datafield>
      <datafield tag="650" ind1=" " ind2="7">
         <subfield code="a">Art and mythology.</subfield>
         <subfield code="2">fast</subfield>
         <subfield code="0">(OCoLC)fst00815415</subfield>
      </datafield>
      <datafield tag="650" ind1=" " ind2="7">
         <subfield code="a">Theater in art.</subfield>
         <subfield code="2">fast</subfield>
         <subfield code="0">(OCoLC)fst01149338</subfield>
      </datafield>
      <datafield tag="650" ind1=" " ind2="7">
         <subfield code="a">Vase-painting.</subfield>
         <subfield code="2">fast</subfield>
         <subfield code="0">(OCoLC)fst01164510</subfield>
      </datafield>
      <datafield tag="650" ind1=" " ind2="7">
         <subfield code="a">Vase-painting, Greek.</subfield>
         <subfield code="2">fast</subfield>
         <subfield code="0">(OCoLC)fst01164514</subfield>
      </datafield>
      <datafield tag="650" ind1=" " ind2="7">
         <subfield code="a">Vases, Ancient.</subfield>
         <subfield code="2">fast</subfield>
         <subfield code="0">(OCoLC)fst01164541</subfield>
      </datafield>
      <datafield tag="651" ind1=" " ind2="7">
         <subfield code="a">Italy</subfield>
         <subfield code="z">Salentina Peninsula.</subfield>
         <subfield code="2">fast</subfield>
         <subfield code="0">(OCoLC)fst01242201</subfield>
      </datafield>
      <datafield tag="651" ind1=" " ind2="7">
         <subfield code="a">Italy, Southern.</subfield>
         <subfield code="2">fast</subfield>
         <subfield code="0">(OCoLC)fst01692644</subfield>
      </datafield>
      <datafield tag="700" ind1="1" ind2=" ">
         <subfield code="a">McPhee, Ian,</subfield>
         <subfield code="e">editor.</subfield>
      </datafield>
      <datafield tag="830" ind1=" " ind2="0">
         <subfield code="a">Studies in Mediterranean archaeology and literature.</subfield>
         <subfield code="p">Pocket-book ;</subfield>
         <subfield code="v">182.</subfield>
         <subfield code="x">0283-8494</subfield>
      </datafield>
      <datafield tag="OWN" ind1=" " ind2=" ">
         <subfield code="a">GENERAL</subfield>
      </datafield>
      <datafield tag="AVA" ind1=" " ind2=" ">
         <subfield code="a">NYU50</subfield>
         <subfield code="b">NIFA</subfield>
         <subfield code="c">Main Collection</subfield>
         <subfield code="d">NK4657.I8 T69 2016 Non-circulating</subfield>
         <subfield code="e">unavailable</subfield>
         <subfield code="t">Unavailable</subfield>
         <subfield code="f">1</subfield>
         <subfield code="g">1</subfield>
         <subfield code="h">N</subfield>
         <subfield code="i">0</subfield>
         <subfield code="j">MAIN</subfield>
         <subfield code="k">0</subfield>
      </datafield>
      <datafield tag="AVA" ind1=" " ind2=" ">
         <subfield code="a">NYU50</subfield>
         <subfield code="b">NISAW</subfield>
         <subfield code="c">Small Collection</subfield>
         <subfield code="d">NK4649 .T74 2016 Non-circulating</subfield>
         <subfield code="e">available</subfield>
         <subfield code="t">Available</subfield>
         <subfield code="f">1</subfield>
         <subfield code="g">0</subfield>
         <subfield code="h">N</subfield>
         <subfield code="i">0</subfield>
         <subfield code="j">SMALL</subfield>
         <subfield code="k">0</subfield>
      </datafield>
      <marc:datafield tag="852" ind1=" " ind2=" ">
         <marc:subfield code="b">Institute for the Study of the Ancient World, </marc:subfield>
         <marc:subfield code="c">Small Collection</marc:subfield>
         <marc:subfield code="e">15 East 84th St., </marc:subfield>
         <marc:subfield code="e">New York, NY  10028</marc:subfield>
      </marc:datafield>
   </record>