
  
  
  
  
  
  
  
  
  
  
  
 
  
  <record xsi:schemaLocation="http://www.loc.gov/MARC21/slim http://www.loc.gov/standards/marcxml/schema/MARC21slim.xsd">
      <leader>00000cam a22      i 4500</leader>
      <controlfield tag="FMT">BK</controlfield>
      <controlfield tag="LDR">00000cam a22      i 4500</controlfield>
      <controlfield tag="001">005054656</controlfield>
      <controlfield tag="005">20170619151750.0</controlfield>
      <controlfield tag="008">170614t20122012fr abe   b    000 0 fre d</controlfield>
      <datafield tag="010" ind1=" " ind2=" ">
         <subfield code="a">  2012541095</subfield>
      </datafield>
      <datafield tag="020" ind1=" " ind2=" ">
         <subfield code="a">9782356680235</subfield>
         <subfield code="q">(paperback)</subfield>
      </datafield>
      <datafield tag="020" ind1=" " ind2=" ">
         <subfield code="a">2356680233</subfield>
         <subfield code="q">(paperback)</subfield>
      </datafield>
      <datafield tag="035" ind1=" " ind2=" ">
         <subfield code="a">(OCoLC)786126250</subfield>
      </datafield>
      <datafield tag="040" ind1=" " ind2=" ">
         <subfield code="a">ERASP</subfield>
         <subfield code="b">eng</subfield>
         <subfield code="e">rda</subfield>
         <subfield code="c">DLC</subfield>
         <subfield code="d">ERASP</subfield>
         <subfield code="d">TZT</subfield>
         <subfield code="d">AUXAM</subfield>
         <subfield code="d">OCLCO</subfield>
         <subfield code="d">COO</subfield>
         <subfield code="d">GZQ</subfield>
         <subfield code="d">FDA</subfield>
         <subfield code="d">OCLCQ</subfield>
         <subfield code="d">ZYU</subfield>
      </datafield>
      <datafield tag="042" ind1=" " ind2=" ">
         <subfield code="a">lccopycat</subfield>
      </datafield>
      <datafield tag="043" ind1=" " ind2=" ">
         <subfield code="a">a-sy---</subfield>
      </datafield>
      <datafield tag="050" ind1="0" ind2="0">
         <subfield code="a">DS94.5</subfield>
         <subfield code="b">.A68 2012</subfield>
      </datafield>
      <datafield tag="079" ind1=" " ind2=" ">
         <subfield code="a">(OCoLC)786126250</subfield>
      </datafield>
      <datafield tag="082" ind1="0" ind2="4">
         <subfield code="a">932-933</subfield>
      </datafield>
      <datafield tag="090" ind1=" " ind2=" ">
         <subfield code="a">DS99.Q35</subfield>
         <subfield code="b">A68 2012</subfield>
      </datafield>
      <datafield tag="245" ind1="0" ind2="0">
         <subfield code="a">Al-Hadir :</subfield>
         <subfield code="b">étude archéologique d'un hameau de Qinnasrin (Syrie du Nord, VIIe-XIIe siècles) /</subfield>
         <subfield code="c">sous la direction de Marie-Odile Rousset.</subfield>
      </datafield>
      <datafield tag="264" ind1=" " ind2="1">
         <subfield code="a">Lyon :</subfield>
         <subfield code="b">Méditerranée et la Moyen-Orient,</subfield>
         <subfield code="c">[2012]</subfield>
      </datafield>
      <datafield tag="264" ind1=" " ind2="4">
         <subfield code="c">©2012</subfield>
      </datafield>
      <datafield tag="300" ind1=" " ind2=" ">
         <subfield code="a">224, 30 unnumbered pages :</subfield>
         <subfield code="b">illustrations (some color), maps (some color), plans ;</subfield>
         <subfield code="c">30 cm.</subfield>
      </datafield>
      <datafield tag="336" ind1=" " ind2=" ">
         <subfield code="a">text</subfield>
         <subfield code="b">txt</subfield>
         <subfield code="2">rdacontent</subfield>
      </datafield>
      <datafield tag="337" ind1=" " ind2=" ">
         <subfield code="a">unmediated</subfield>
         <subfield code="b">n</subfield>
         <subfield code="2">rdamedia</subfield>
      </datafield>
      <datafield tag="338" ind1=" " ind2=" ">
         <subfield code="a">volume</subfield>
         <subfield code="b">nc</subfield>
         <subfield code="2">rdacarrier</subfield>
      </datafield>
      <datafield tag="490" ind1="1" ind2=" ">
         <subfield code="a">Travaux de la Maison de l'Orient et de la Méditerranée ;</subfield>
         <subfield code="v">No 59. Qinnasrin,</subfield>
         <subfield code="x">1955-4982 ;</subfield>
         <subfield code="v">1</subfield>
      </datafield>
      <datafield tag="500" ind1=" " ind2=" ">
         <subfield code="a">"Ouvrage publié avec le concours du Groupe de Recherches et d'Études sur la Méditerranée et le Moyen-Orient and l'Association des Amis de la Maison de l'Orient."</subfield>
      </datafield>
      <datafield tag="520" ind1=" " ind2=" ">
         <subfield code="a">This volume presents the first results of the work of the Syrian- French archaeological mission Qinnasrin, are made on the al- Hadir website (Syria, Aleppo area), thanks to funding from the commission of the excavations of the Ministry of Foreign Affairs and european and laboratory " Medieval Islam " of the UMR &amp; East Mediterranean. Al- Hadir was, in the seventh century, a hamlet dependent city Qinnasrin, eponymous capital of the administrative district of northern Syria . The issue of identification of al- Hadir with City Hadir Qinnasrin mentioned in the medieval texts is reviewed in the light of discoveries made in this area. The analysis of the general topography of the site and excavation areas is supplemented by contributions from specialists charge of the study of archaeological materials: ceramics, glass, objects, inscriptions, human and animal bones. These studies provide rare and unpublished information to the knowledge of the material culture of the beginnings of the Islamic era.</subfield>
      </datafield>
      <datafield tag="504" ind1=" " ind2=" ">
         <subfield code="a">Includes bibliographical references.</subfield>
      </datafield>
      <datafield tag="505" ind1="0" ind2="0">
         <subfield code="g">Introduction /</subfield>
         <subfield code="r">Marie-Odile Rousset --</subfield>
         <subfield code="t">Le contexte historique /</subfield>
         <subfield code="r">Marie-Odile Rousset --</subfield>
         <subfield code="t">Les travaux archéologiques à al-Hadir /</subfield>
         <subfield code="r">Marie-Odile Rousset avec la collaboration de Marilyne Bovagne et Marie Rochette --</subfield>
         <subfield code="t">La céramique /</subfield>
         <subfield code="r">Marie-Odile Rousset --</subfield>
         <subfield code="t">La brittle ware d'al-Hadir :</subfield>
         <subfield code="t">analyse de pâte /</subfield>
         <subfield code="r">Agnès Vokaer --</subfield>
         <subfield code="t">Le verre d'al-Hadir /</subfield>
         <subfield code="r">Danièle Foy --</subfield>
         <subfield code="t">La composition des verres islamiques d'al-Hadir /</subfield>
         <subfield code="r">Bernard Gratuze et Danièle Foy --</subfield>
         <subfield code="t">Les objects en métal, pierre, coquillage et terre cuite /</subfield>
         <subfield code="r">Virginie Decoupigny --</subfield>
         <subfield code="t">Notes épigraphiques /</subfield>
         <subfield code="r">Frédéric Imbert --</subfield>
         <subfield code="t">Étude anthropologique des vestiges osseux /</subfield>
         <subfield code="r">Rania Ali --</subfield>
         <subfield code="t">Les animaux et l'industrie en matière animale d'al-Hadir (Qinnasrin) /</subfield>
         <subfield code="r">Jacqueline Studer --</subfield>
         <subfield code="g">Conclusion /</subfield>
         <subfield code="r">Marie-Odile Rousset.</subfield>
      </datafield>
      <datafield tag="651" ind1=" " ind2="0">
         <subfield code="a">Qinnasrin (Syria)</subfield>
      </datafield>
      <datafield tag="650" ind1=" " ind2="0">
         <subfield code="a">Extinct cities</subfield>
         <subfield code="z">Syria.</subfield>
      </datafield>
      <datafield tag="650" ind1=" " ind2="0">
         <subfield code="a">Excavations (Archaeology)</subfield>
         <subfield code="z">Syria</subfield>
         <subfield code="z">Qinnasrin.</subfield>
      </datafield>
      <datafield tag="651" ind1=" " ind2="0">
         <subfield code="a">Syria</subfield>
         <subfield code="x">Antiquities.</subfield>
      </datafield>
      <datafield tag="651" ind1=" " ind2="7">
         <subfield code="a">Chalcis ad Belum.</subfield>
         <subfield code="2">pleiades</subfield>
         <subfield code="0">https://pleiades.stoa.org/places/668226</subfield>
         <subfield code="5">NyNyUAW</subfield>
      </datafield>
      <datafield tag="700" ind1="1" ind2=" ">
         <subfield code="a">Rousset, Marie-Odile,</subfield>
         <subfield code="e">editor.</subfield>
      </datafield>
      <datafield tag="830" ind1=" " ind2="0">
         <subfield code="a">Travaux de la Maison de l'Orient ;</subfield>
         <subfield code="v">no. 59.</subfield>
      </datafield>
      <datafield tag="830" ind1=" " ind2="0">
         <subfield code="a">Travaux de la Maison de l'Orient.</subfield>
         <subfield code="p">Qinnasrin ;</subfield>
         <subfield code="v">1.</subfield>
      </datafield>
      <datafield tag="OWN" ind1=" " ind2=" ">
         <subfield code="a">GENERAL</subfield>
      </datafield>
      <datafield tag="AVA" ind1=" " ind2=" ">
         <subfield code="a">NYU50</subfield>
         <subfield code="b">NISAW</subfield>
         <subfield code="c">Large Collection</subfield>
         <subfield code="d">DS99.Q35 A68 2012 Non-circulatinge</subfield>
         <subfield code="e">available</subfield>
         <subfield code="t">Available</subfield>
         <subfield code="f">1</subfield>
         <subfield code="g">0</subfield>
         <subfield code="h">N</subfield>
         <subfield code="i">0</subfield>
         <subfield code="j">LARGE</subfield>
         <subfield code="k">0</subfield>
      </datafield>
      <marc:datafield tag="852" ind1=" " ind2=" ">
         <marc:subfield code="b">Institute for the Study of the Ancient World, </marc:subfield>
         <marc:subfield code="c">Large Collection</marc:subfield>
         <marc:subfield code="e">15 East 84th St., </marc:subfield>
         <marc:subfield code="e">New York, NY  10028</marc:subfield>
      </marc:datafield>
   </record>