
  
  
  
  
  
  
  
  
  
  
  
  
 
  
  <record xsi:schemaLocation="http://www.loc.gov/MARC21/slim http://www.loc.gov/standards/marcxml/schema/MARC21slim.xsd">
      <leader>00000cam a22      i 4500</leader>
      <controlfield tag="FMT">BK</controlfield>
      <controlfield tag="LDR">00000cam a22      i 4500</controlfield>
      <controlfield tag="001">005054668</controlfield>
      <controlfield tag="005">20170619154100.0</controlfield>
      <controlfield tag="008">170614s1978    iluabe   b    000 0 eng</controlfield>
      <datafield tag="010" ind1=" " ind2=" ">
         <subfield code="a">   78054621</subfield>
      </datafield>
      <datafield tag="035" ind1=" " ind2=" ">
         <subfield code="a">(OCoLC)5103290</subfield>
      </datafield>
      <datafield tag="040" ind1=" " ind2=" ">
         <subfield code="a">DLC</subfield>
         <subfield code="b">eng</subfield>
         <subfield code="c">DLC</subfield>
         <subfield code="d">BTCTA</subfield>
         <subfield code="d">RMC</subfield>
         <subfield code="d">OCLCF</subfield>
         <subfield code="d">OCLCQ</subfield>
         <subfield code="d">OCLCO</subfield>
         <subfield code="d">JPG</subfield>
         <subfield code="d">NNU</subfield>
      </datafield>
      <datafield tag="043" ind1=" " ind2=" ">
         <subfield code="a">a-is---</subfield>
      </datafield>
      <datafield tag="050" ind1=" " ind2="4">
         <subfield code="a">HE874</subfield>
         <subfield code="b">.R33 1978</subfield>
      </datafield>
      <datafield tag="050" ind1="0" ind2="0">
         <subfield code="a">HE874</subfield>
         <subfield code="b">.R33x 1978</subfield>
      </datafield>
      <datafield tag="079" ind1=" " ind2=" ">
         <subfield code="a">(OCoLC)5103290</subfield>
      </datafield>
      <datafield tag="082" ind1="0" ind2="0">
         <subfield code="a">387.5/095694</subfield>
      </datafield>
      <datafield tag="100" ind1="1" ind2=" ">
         <subfield code="a">Radan, George T.</subfield>
      </datafield>
      <datafield tag="245" ind1="1" ind2="4">
         <subfield code="a">The sons of Zebulon :</subfield>
         <subfield code="b">Jewish maritime history /</subfield>
         <subfield code="c">George T. Radan ; introd. by Arthur M. Feldman ; [special consultant, Meir Sas].</subfield>
      </datafield>
      <datafield tag="260" ind1=" " ind2=" ">
         <subfield code="a">Chicago :</subfield>
         <subfield code="b">Spertus College Press,</subfield>
         <subfield code="c">©1978.</subfield>
      </datafield>
      <datafield tag="300" ind1=" " ind2=" ">
         <subfield code="a">85 pages :</subfield>
         <subfield code="b">illustrations, maps, plans ;</subfield>
         <subfield code="c">25 cm</subfield>
      </datafield>
      <datafield tag="336" ind1=" " ind2=" ">
         <subfield code="a">text</subfield>
         <subfield code="b">txt</subfield>
         <subfield code="2">rdacontent</subfield>
      </datafield>
      <datafield tag="337" ind1=" " ind2=" ">
         <subfield code="a">unmediated</subfield>
         <subfield code="b">n</subfield>
         <subfield code="2">rdamedia</subfield>
      </datafield>
      <datafield tag="338" ind1=" " ind2=" ">
         <subfield code="a">volume</subfield>
         <subfield code="b">nc</subfield>
         <subfield code="2">rdacarrier</subfield>
      </datafield>
      <datafield tag="504" ind1=" " ind2=" ">
         <subfield code="a">Includes bibliographical references (pages 82-85).</subfield>
      </datafield>
      <datafield tag="650" ind1=" " ind2="0">
         <subfield code="a">Shipping</subfield>
         <subfield code="z">Palestine</subfield>
         <subfield code="x">History.</subfield>
      </datafield>
      <datafield tag="650" ind1=" " ind2="0">
         <subfield code="a">Shipping</subfield>
         <subfield code="z">Israel</subfield>
         <subfield code="x">History.</subfield>
      </datafield>
      <datafield tag="651" ind1=" " ind2="7">
         <subfield code="a">Palaestina.</subfield>
         <subfield code="2">pleiades</subfield>
         <subfield code="0">https://pleiades.stoa.org/places/991396</subfield>
         <subfield code="5">NyNyUAW</subfield>
      </datafield>
      <datafield tag="650" ind1=" " ind2="0">
         <subfield code="a">Jewish sailors.</subfield>
      </datafield>
      <datafield tag="650" ind1=" " ind2="7">
         <subfield code="a">Jewish sailors.</subfield>
         <subfield code="2">fast</subfield>
         <subfield code="0">(OCoLC)fst00982973</subfield>
      </datafield>
      <datafield tag="650" ind1=" " ind2="7">
         <subfield code="a">Shipping.</subfield>
         <subfield code="2">fast</subfield>
         <subfield code="0">(OCoLC)fst01116352</subfield>
      </datafield>
      <datafield tag="651" ind1=" " ind2="7">
         <subfield code="a">Israel.</subfield>
         <subfield code="2">fast</subfield>
         <subfield code="0">(OCoLC)fst01204236</subfield>
      </datafield>
      <datafield tag="651" ind1=" " ind2="7">
         <subfield code="a">Middle East</subfield>
         <subfield code="z">Palestine.</subfield>
         <subfield code="2">fast</subfield>
         <subfield code="0">(OCoLC)fst01207534</subfield>
      </datafield>
      <datafield tag="655" ind1=" " ind2="7">
         <subfield code="a">History.</subfield>
         <subfield code="2">fast</subfield>
         <subfield code="0">(OCoLC)fst01411628</subfield>
      </datafield>
      <datafield tag="700" ind1="1" ind2=" ">
         <subfield code="a">Owen, David I.,</subfield>
         <subfield code="e">former owner.</subfield>
         <subfield code="5">NyNyUAW</subfield>
      </datafield>
      <datafield tag="740" ind1="0" ind2=" ">
         <subfield code="a">Owen Collection.</subfield>
         <subfield code="5">NyNyUAW</subfield>
      </datafield>
      <datafield tag="OWN" ind1=" " ind2=" ">
         <subfield code="a">GENERAL</subfield>
      </datafield>
      <datafield tag="AVA" ind1=" " ind2=" ">
         <subfield code="a">NYU50</subfield>
         <subfield code="b">NISAW</subfield>
         <subfield code="c">Large Collection</subfield>
         <subfield code="d">HE874 .R33 1978 Non-circulating</subfield>
         <subfield code="e">available</subfield>
         <subfield code="t">Available</subfield>
         <subfield code="f">1</subfield>
         <subfield code="g">0</subfield>
         <subfield code="h">N</subfield>
         <subfield code="i">0</subfield>
         <subfield code="j">LARGE</subfield>
         <subfield code="k">0</subfield>
      </datafield>
      <marc:datafield tag="852" ind1=" " ind2=" ">
         <marc:subfield code="b">Institute for the Study of the Ancient World, </marc:subfield>
         <marc:subfield code="c">Large Collection</marc:subfield>
         <marc:subfield code="e">15 East 84th St., </marc:subfield>
         <marc:subfield code="e">New York, NY  10028</marc:subfield>
      </marc:datafield>
   </record>