
  
  
  
  
  
  
  
  
 
  
  <record xsi:schemaLocation="http://www.loc.gov/MARC21/slim http://www.loc.gov/standards/marcxml/schema/MARC21slim.xsd">
      <leader>00000cam a22     Ia 4500</leader>
      <controlfield tag="FMT">BK</controlfield>
      <controlfield tag="LDR">00000cam a22     Ia 4500</controlfield>
      <controlfield tag="001">005054637</controlfield>
      <controlfield tag="005">20170725144602.0</controlfield>
      <controlfield tag="008">170428s2017    gw ab    b    100 0 eng d</controlfield>
      <datafield tag="020" ind1=" " ind2=" ">
         <subfield code="a">9783884672716</subfield>
         <subfield code="q">(RGZM : pbk.)</subfield>
      </datafield>
      <datafield tag="020" ind1=" " ind2=" ">
         <subfield code="a">3884672711</subfield>
      </datafield>
      <datafield tag="020" ind1=" " ind2=" ">
         <subfield code="a">9783795432393</subfield>
         <subfield code="q">(corrected - Schnell + Steiner : pbk.)</subfield>
      </datafield>
      <datafield tag="020" ind1=" " ind2=" ">
         <subfield code="a">3795432391</subfield>
      </datafield>
      <datafield tag="024" ind1="3" ind2=" ">
         <subfield code="a">9783884672716</subfield>
      </datafield>
      <datafield tag="035" ind1=" " ind2=" ">
         <subfield code="a">(OCoLC)985344048</subfield>
      </datafield>
      <datafield tag="040" ind1=" " ind2=" ">
         <subfield code="a">OHX</subfield>
         <subfield code="b">eng</subfield>
         <subfield code="c">OHX</subfield>
         <subfield code="d">OCLCO</subfield>
         <subfield code="d">HEBIS</subfield>
         <subfield code="d">OCLCO</subfield>
         <subfield code="d">JPG</subfield>
         <subfield code="d">ZYU</subfield>
      </datafield>
      <datafield tag="050" ind1=" " ind2="4">
         <subfield code="a">QE392</subfield>
         <subfield code="b">.G46 2017</subfield>
      </datafield>
      <datafield tag="072" ind1=" " ind2="7">
         <subfield code="a">N</subfield>
         <subfield code="2">lcco</subfield>
      </datafield>
      <datafield tag="079" ind1=" " ind2=" ">
         <subfield code="a">(OCoLC)985344048</subfield>
      </datafield>
      <datafield tag="245" ind1="0" ind2="0">
         <subfield code="a">Gemstones in the first millennium AD :</subfield>
         <subfield code="b">mines, trade, workshops and symbolism : International Conference, October 20th-22nd, 2015, Römisch-Germanisches Zentralmuseum, Mainz /</subfield>
         <subfield code="c">Alexandra Hilgner, Susanne Greiff, Dieter Quast (eds).</subfield>
      </datafield>
      <datafield tag="260" ind1=" " ind2=" ">
         <subfield code="a">Mainz :</subfield>
         <subfield code="b">Verlag des Römisch-Germanischen Zentralmuseums ;</subfield>
         <subfield code="a">[Regensburg] :</subfield>
         <subfield code="b">[Schnell + Steiner, distributor],</subfield>
         <subfield code="c">2017.</subfield>
      </datafield>
      <datafield tag="300" ind1=" " ind2=" ">
         <subfield code="a">vii, 324 pages :</subfield>
         <subfield code="b">illustrations (chiefly color), maps ;</subfield>
         <subfield code="c">30 cm.</subfield>
      </datafield>
      <datafield tag="490" ind1="1" ind2=" ">
         <subfield code="a">RGZM-Tagungen,</subfield>
         <subfield code="x">1862-4812 ;</subfield>
         <subfield code="v">Band 30</subfield>
      </datafield>
      <datafield tag="500" ind1=" " ind2=" ">
         <subfield code="a">International conference proceedings.</subfield>
      </datafield>
      <datafield tag="504" ind1=" " ind2=" ">
         <subfield code="a">Includes bibliographical references.</subfield>
      </datafield>
      <datafield tag="505" ind1="0" ind2="0">
         <subfield code="t">Mines and Trade.</subfield>
         <subfield code="t">Introduction: Mines and Trade /</subfield>
         <subfield code="r">Dieter Quast, Alexandra Hilgner, Susanne Greiff --</subfield>
         <subfield code="t">Elusive Gemstone Mines: the Red Garnet Industry in Contemporary Rajasthan /</subfield>
         <subfield code="r">Borayin Larios --</subfield>
         <subfield code="t">Gemstones in Southeast Asia and Beyond: Trade along the Maritime Networks /</subfield>
         <subfield code="r">Brigitte Borell --</subfield>
         <subfield code="t">Gemstones and Mineral Products in the Red Sea/Indian Ocean Trade of the First Millennium /</subfield>
         <subfield code="r">Eivind Heldaas Seland --</subfield>
         <subfield code="t">Amber and Beaver Furs: Trade with Raw Material for the Production of Luxury Goods /</subfield>
         <subfield code="r">Dieter Quast --</subfield>
         <subfield code="t">The Circulation of Garnets in the North Sea Zone, ca. 400-700 /</subfield>
         <subfield code="r">Helena Hamerow.</subfield>
         <subfield code="t">Gemstone Working.</subfield>
         <subfield code="t">Introduction to Gemstone Working /</subfield>
         <subfield code="r">Judith Jordan, Elke Nieveler, Michael Schmauder --</subfield>
         <subfield code="t">Two Workshops with Garnet Crafts in Gamla Uppsala /</subfield>
         <subfield code="r">John Ljungkvist, Jonna Sarén Lundahl, Per Frölund --</subfield>
         <subfield code="t">East Africa as a Source for Fatimid Rock Crystal : Workshops from Kenya to Madagascar /</subfield>
         <subfield code="r">Mark Horton [and five others] --</subfield>
         <subfield code="t">The Manufacturing techniques of Fatimid Rock Crystal Ewers /</subfield>
         <subfield code="r">Elise Morero [and four others] --</subfield>
         <subfield code="t">A Rock Crystal Workshop from Cologne /</subfield>
         <subfield code="r">Manfred Burianek, Thomas Höltken.</subfield>
         <subfield code="t">The Value and Symbolic Meaning(s) of Gemstones.</subfield>
         <subfield code="t">An introduction to the Value and the Symbolic Meanings(s) of Gemstones /</subfield>
         <subfield code="r">Kerstin Sobkowiak --</subfield>
         <subfield code="t">Archaeogemmology and the Ancient Literary Sources on Gems and their Origins /</subfield>
         <subfield code="r">Lisbet Thoresen --</subfield>
         <subfield code="t">The Symbolism of Gemstones in Indian Religions /</subfield>
         <subfield code="r">James McHugh --</subfield>
         <subfield code="t">From the Bible to the Liber Pontificalis : Gems and Precious Stones in the Early Medieval Churches : Combinations, Colours and Contexts /</subfield>
         <subfield code="r">Michelle Beghelli --</subfield>
         <subfield code="t">Gemstones in Pre-Islamic Persia : Social and Symbolic Meanings of Sasanian Seals /</subfield>
         <subfield code="r">Nils C. Ritter --</subfield>
         <subfield code="t">The Symbolism of Byzantine Gemstones : Written Sources, Objects and Sympathetic Magic in Byzantium /</subfield>
         <subfield code="r">Antje Bosselmann-Ruickbie.</subfield>
         <subfield code="t">Poster Session.</subfield>
         <subfield code="t">Gemstones as Insignia /</subfield>
         <subfield code="r">Kerstin Sobkow</subfield>
      </datafield>
      <datafield tag="650" ind1=" " ind2="0">
         <subfield code="a">Precious stones</subfield>
         <subfield code="x">History</subfield>
         <subfield code="v">Congresses.</subfield>
      </datafield>
      <datafield tag="650" ind1=" " ind2="0">
         <subfield code="a">Mines and mineral resources</subfield>
         <subfield code="x">History</subfield>
         <subfield code="v">Congresses.</subfield>
      </datafield>
      <datafield tag="650" ind1=" " ind2="7">
         <subfield code="a">Edelstein.</subfield>
         <subfield code="2">gnd</subfield>
         <subfield code="0">(DE-588)4013537-8</subfield>
      </datafield>
      <datafield tag="650" ind1=" " ind2="7">
         <subfield code="a">Edelsteinbergbau.</subfield>
         <subfield code="2">gnd</subfield>
         <subfield code="0">(DE-588)4151045-8</subfield>
      </datafield>
      <datafield tag="650" ind1=" " ind2="7">
         <subfield code="a">Edelsteinhandel.</subfield>
         <subfield code="2">gnd</subfield>
         <subfield code="0">(DE-588)4829212-6</subfield>
      </datafield>
      <datafield tag="650" ind1=" " ind2="7">
         <subfield code="a">Werkstatt.</subfield>
         <subfield code="2">gnd</subfield>
         <subfield code="0">(DE-588)4140619-9</subfield>
      </datafield>
      <datafield tag="650" ind1=" " ind2="7">
         <subfield code="a">Symbolik.</subfield>
         <subfield code="2">gnd</subfield>
         <subfield code="0">(DE-588)4184194-3</subfield>
      </datafield>
      <datafield tag="700" ind1="1" ind2=" ">
         <subfield code="a">Hilgner, Alexandra.</subfield>
      </datafield>
      <datafield tag="700" ind1="1" ind2=" ">
         <subfield code="a">Greiff, Susanne.</subfield>
      </datafield>
      <datafield tag="700" ind1="1" ind2=" ">
         <subfield code="a">Quast, Dieter,</subfield>
         <subfield code="d">1963-</subfield>
      </datafield>
      <datafield tag="710" ind1="2" ind2=" ">
         <subfield code="a">Römisch-Germanisches Zentralmuseum Mainz.</subfield>
      </datafield>
      <datafield tag="830" ind1=" " ind2="0">
         <subfield code="a">RGZM Tagungen ;</subfield>
         <subfield code="v">Bd. 30.</subfield>
         <subfield code="x">1862-4812</subfield>
      </datafield>
      <datafield tag="OWN" ind1=" " ind2=" ">
         <subfield code="a">GENERAL</subfield>
      </datafield>
      <datafield tag="AVA" ind1=" " ind2=" ">
         <subfield code="a">NYU50</subfield>
         <subfield code="b">NISAW</subfield>
         <subfield code="c">Large Collection</subfield>
         <subfield code="d">QE392 .G46 2017 Non-circulating</subfield>
         <subfield code="e">available</subfield>
         <subfield code="t">Available</subfield>
         <subfield code="f">1</subfield>
         <subfield code="g">0</subfield>
         <subfield code="h">N</subfield>
         <subfield code="i">0</subfield>
         <subfield code="j">LARGE</subfield>
         <subfield code="k">0</subfield>
      </datafield>
      <marc:datafield tag="852" ind1=" " ind2=" ">
         <marc:subfield code="b">Institute for the Study of the Ancient World, </marc:subfield>
         <marc:subfield code="c">Large Collection</marc:subfield>
         <marc:subfield code="e">15 East 84th St., </marc:subfield>
         <marc:subfield code="e">New York, NY  10028</marc:subfield>
      </marc:datafield>
   </record>