
  
  
  
  
  
  
  
  
  
  
  
  
 
  
  <record xsi:schemaLocation="http://www.loc.gov/MARC21/slim http://www.loc.gov/standards/marcxml/schema/MARC21slim.xsd">
      <leader>00000cam a2200721 a 4500</leader>
      <controlfield tag="FMT">BK</controlfield>
      <controlfield tag="LDR">00000cam a2200721 a 4500</controlfield>
      <controlfield tag="001">002733039</controlfield>
      <controlfield tag="003">OCoLC</controlfield>
      <controlfield tag="005">20170731125827.0</controlfield>
      <controlfield tag="008">860123s1984    be af    b    010 0 eng</controlfield>
      <datafield tag="010" ind1=" " ind2=" ">
         <subfield code="a">85132292</subfield>
      </datafield>
      <datafield tag="020" ind1=" " ind2=" ">
         <subfield code="a">9071165019</subfield>
      </datafield>
      <datafield tag="020" ind1=" " ind2=" ">
         <subfield code="a">9789071165016</subfield>
      </datafield>
      <datafield tag="035" ind1=" " ind2=" ">
         <subfield code="a">(OCoLC)13185973</subfield>
         <subfield code="z">(OCoLC)181801366</subfield>
      </datafield>
      <datafield tag="040" ind1=" " ind2=" ">
         <subfield code="a">DLC</subfield>
         <subfield code="b">eng</subfield>
         <subfield code="c">DLC</subfield>
         <subfield code="d">BTCTA</subfield>
         <subfield code="d">OCLCG</subfield>
         <subfield code="d">CUY</subfield>
         <subfield code="d">GEBAY</subfield>
         <subfield code="d">OCLCO</subfield>
         <subfield code="d">OCLCF</subfield>
         <subfield code="d">OCLCQ</subfield>
         <subfield code="d">DEBBG</subfield>
         <subfield code="d">OCLCQ</subfield>
         <subfield code="d">ZYU</subfield>
      </datafield>
      <datafield tag="041" ind1="0" ind2=" ">
         <subfield code="a">eng</subfield>
         <subfield code="a">ger</subfield>
         <subfield code="a">fre</subfield>
      </datafield>
      <datafield tag="050" ind1="0" ind2="4">
         <subfield code="a">CJ233</subfield>
         <subfield code="b">.F47 1984</subfield>
      </datafield>
      <datafield tag="079" ind1=" " ind2=" ">
         <subfield code="a">(OCoLC)13185973</subfield>
      </datafield>
      <datafield tag="082" ind1="0" ind2=" ">
         <subfield code="a">737.4</subfield>
         <subfield code="2">19</subfield>
      </datafield>
      <datafield tag="084" ind1=" " ind2=" ">
         <subfield code="a">6,11</subfield>
         <subfield code="2">ssgn</subfield>
      </datafield>
      <datafield tag="084" ind1=" " ind2=" ">
         <subfield code="a">6,12</subfield>
         <subfield code="2">ssgn</subfield>
      </datafield>
      <datafield tag="084" ind1=" " ind2=" ">
         <subfield code="a">LE 3232</subfield>
         <subfield code="2">rvk</subfield>
      </datafield>
      <datafield tag="084" ind1=" " ind2=" ">
         <subfield code="a">ND 6100</subfield>
         <subfield code="2">rvk</subfield>
      </datafield>
      <datafield tag="084" ind1=" " ind2=" ">
         <subfield code="a">NK 8200</subfield>
         <subfield code="2">rvk</subfield>
      </datafield>
      <datafield tag="090" ind1=" " ind2=" ">
         <subfield code="i">11/19/85 CT</subfield>
      </datafield>
      <datafield tag="245" ind1="0" ind2="0">
         <subfield code="a">Festschrift für Leo Mildenberg :</subfield>
         <subfield code="b">Numismatik, Kunstgeschichte, Archäologie = Studies in honor of Leo Mildenberg : numismatics, art history, archeology /</subfield>
         <subfield code="c">ed., Arthur Houghton [and others].</subfield>
      </datafield>
      <datafield tag="246" ind1="3" ind2=" ">
         <subfield code="a">Studies in honor of Leo Mildenberg</subfield>
      </datafield>
      <datafield tag="260" ind1=" " ind2=" ">
         <subfield code="a">Wetteren, Belgium :</subfield>
         <subfield code="b">Editions NR,</subfield>
         <subfield code="c">1984.</subfield>
      </datafield>
      <datafield tag="300" ind1=" " ind2=" ">
         <subfield code="a">xviii, 297 pages, 43 pages of plates :</subfield>
         <subfield code="b">illustrations ;</subfield>
         <subfield code="c">29 cm</subfield>
      </datafield>
      <datafield tag="336" ind1=" " ind2=" ">
         <subfield code="a">text</subfield>
         <subfield code="b">txt</subfield>
         <subfield code="2">rdacontent</subfield>
      </datafield>
      <datafield tag="337" ind1=" " ind2=" ">
         <subfield code="a">unmediated</subfield>
         <subfield code="b">n</subfield>
         <subfield code="2">rdamedia</subfield>
      </datafield>
      <datafield tag="338" ind1=" " ind2=" ">
         <subfield code="a">volume</subfield>
         <subfield code="b">nc</subfield>
         <subfield code="2">rdacarrier</subfield>
      </datafield>
      <datafield tag="500" ind1=" " ind2=" ">
         <subfield code="a">ISAW copy is from the library of David I. Owen.</subfield>
         <subfield code="5">NyNyUAW</subfield>
      </datafield>
      <datafield tag="500" ind1=" " ind2=" ">
         <subfield code="a">English, German, and French.</subfield>
      </datafield>
      <datafield tag="504" ind1=" " ind2=" ">
         <subfield code="a">Includes bibliographical references.</subfield>
      </datafield>
      <datafield tag="505" ind1="0" ind2="0">
         <subfield code="t">Some Examples of Lead Currency from the Hellenistic Period /</subfield>
         <subfield code="r">Dan P. Barag --</subfield>
         <subfield code="t">Réflexions sur les fractions du monnayage grec /</subfield>
         <subfield code="r">Denyse Bérend --</subfield>
         <subfield code="t">Syrakusanischer Münzstempel der Epoche des Agathokles /</subfield>
         <subfield code="r">Christof Boehringer, Orazio Pennisi di Floristella --</subfield>
         <subfield code="t">Stagira in Tel-Aviv /</subfield>
         <subfield code="r">Herbert A. Cahn --</subfield>
         <subfield code="t">Prometheus Parodied : A Gnathia Hilarotragedy /</subfield>
         <subfield code="r">Faya C. Frel --</subfield>
         <subfield code="t">A View into Phintias' Private Life /</subfield>
         <subfield code="r">Jiří Frel --</subfield>
         <subfield code="t">Zürcher Halbbrakteaten und ihre Verbreitung /</subfield>
         <subfield code="r">Hans-Ulrich Geiger --</subfield>
         <subfield code="t">The Double Lion from Hypaepa /</subfield>
         <subfield code="r">George M. A. Hanfmann --</subfield>
         <subfield code="t">The Seleucid Mint of Mallus and the Cult Figure of Athena Magarsia /</subfield>
         <subfield code="r">Arthur Houghton --</subfield>
         <subfield code="t">Archaischer Silberfund aus dem Antilibanon /</subfield>
         <subfield code="r">Silvia Hurter, Emmerich Pászthory --</subfield>
         <subfield code="t">Varia Punica /</subfield>
         <subfield code="r">G. Kenneth Jenkins --</subfield>
         <subfield code="t">Eine figürliche Trensenplatte aus Grossgriechenland /</subfield>
         <subfield code="r">Hans Jucker --</subfield>
         <subfield code="t">Sechs neuerworbene römische Medaillone /</subfield>
         <subfield code="r">Balázs Kapossy --</subfield>
         <subfield code="t">A River Horse of a Different Empire or what are Hippopotami doing on the Banks of the Tiber? /</subfield>
         <subfield code="r">Arielle P. Kozloff --</subfield>
         <subfield code="t">Un trésor de monnaies séleucides trouvé dans le Hauran en 1979 ou 1980 : Antiochos VI à Ptolemaïs /</subfield>
         <subfield code="r">Georges Le Rider --</subfield>
         <subfield code="t">One Hundred Ninety Years of Tyrian Shekels /</subfield>
         <subfield code="r">Yaakov Meshorer --</subfield>
         <subfield code="t">Some Pergamene Coins in Copenhagen /</subfield>
         <subfield code="r">Otto Mørkholm --</subfield>
         <subfield code="t">The Princeton Bronze Portrait of a Woman with Reticulum /</subfield>
         <subfield code="r">Patricia Erhart Mottahedeh --</subfield>
         <subfield code="t">Croesus or Pseudo-Croesus? Hoard or Hoax? Problems Concerning the Sigloi and Double-Sigloi of the Croeseid Type /</subfield>
         <subfield code="r">Martin Price --</subfield>
         <subfield code="t">Der "Reisetaler" von Jakob Stampfer /</subfield>
         <subfield code="r">Dietrich Schwarz --</subfield>
         <subfield code="t">Ascalon : from Royal Mint to Autonomy /</subfield>
         <subfield code="r">Arnold Spaer --</subfield>
         <subfield code="t">Paying the Mercenaries /</subfield>
         <subfield code="r">Margaret Thompson --</subfield>
         <subfield code="t">Carians in Miniature /</subfield>
         <subfield code="r">Hyla A. Troxell --</subfield>
         <subfield code="t">Seal Impressions in the Manner of the Seleucids /</subfield>
         <subfield code="r">Nancy M. Waggoner --</subfield>
         <subfield code="t">Some Hoards from Sicily and a Carthaginian Issue of the Second Punic War /</subfield>
         <subfield code="r">Alan S. Walker.</subfield>
      </datafield>
      <datafield tag="530" ind1=" " ind2=" ">
         <subfield code="a">Also issued online.</subfield>
      </datafield>
      <datafield tag="650" ind1=" " ind2="0">
         <subfield code="a">Coins, Greek.</subfield>
      </datafield>
      <datafield tag="650" ind1=" " ind2="0">
         <subfield code="a">Coins, Roman.</subfield>
      </datafield>
      <datafield tag="650" ind1=" " ind2="0">
         <subfield code="a">Art, Classical.</subfield>
      </datafield>
      <datafield tag="650" ind1=" " ind2="0">
         <subfield code="a">Archaeology.</subfield>
      </datafield>
      <datafield tag="600" ind1="1" ind2="0">
         <subfield code="a">Mildenberg, Leo.</subfield>
      </datafield>
      <datafield tag="600" ind1="1" ind2="7">
         <subfield code="a">Mildenberg, Leo,</subfield>
         <subfield code="d">1913-2001.</subfield>
         <subfield code="0">(DE-588)11882323X</subfield>
         <subfield code="2">gnd</subfield>
      </datafield>
      <datafield tag="650" ind1="0" ind2="7">
         <subfield code="a">Klassische Archäologie.</subfield>
         <subfield code="0">(DE-588)4164039-1</subfield>
         <subfield code="2">gnd</subfield>
      </datafield>
      <datafield tag="650" ind1="0" ind2="7">
         <subfield code="a">Münze.</subfield>
         <subfield code="0">(DE-588)4040629-5</subfield>
         <subfield code="2">gnd</subfield>
      </datafield>
      <datafield tag="650" ind1="0" ind2="7">
         <subfield code="a">Numismatik.</subfield>
         <subfield code="0">(DE-588)4172175-5</subfield>
         <subfield code="2">gnd</subfield>
      </datafield>
      <datafield tag="600" ind1="1" ind2="7">
         <subfield code="a">Mildenberg, Leo.</subfield>
         <subfield code="2">swd</subfield>
      </datafield>
      <datafield tag="650" ind1="0" ind2="7">
         <subfield code="a">Bibliographie.</subfield>
         <subfield code="2">swd</subfield>
      </datafield>
      <datafield tag="650" ind1="0" ind2="7">
         <subfield code="a">Numismatik.</subfield>
         <subfield code="2">swd</subfield>
      </datafield>
      <datafield tag="650" ind1="0" ind2="7">
         <subfield code="a">Aufsatzsammlung.</subfield>
         <subfield code="2">swd</subfield>
      </datafield>
      <datafield tag="650" ind1="0" ind2="7">
         <subfield code="a">Klassische Archäologie.</subfield>
         <subfield code="2">swd</subfield>
      </datafield>
      <datafield tag="650" ind1="0" ind2="7">
         <subfield code="a">Münze.</subfield>
         <subfield code="2">swd</subfield>
      </datafield>
      <datafield tag="648" ind1=" " ind2="7">
         <subfield code="a">Geschichte 800 v. Chr.-500.</subfield>
         <subfield code="2">swd</subfield>
      </datafield>
      <datafield tag="648" ind1=" " ind2="4">
         <subfield code="a">Geschichte 800 v. Chr.-500.</subfield>
      </datafield>
      <datafield tag="655" ind1=" " ind2="4">
         <subfield code="a">Aufsatzsammlung.</subfield>
      </datafield>
      <datafield tag="655" ind1=" " ind2="4">
         <subfield code="a">Bibliographie.</subfield>
      </datafield>
      <datafield tag="700" ind1="1" ind2=" ">
         <subfield code="a">Owen, David I.,</subfield>
         <subfield code="e">former owner.</subfield>
         <subfield code="5">NyNyUAW</subfield>
      </datafield>
      <datafield tag="740" ind1="0" ind2=" ">
         <subfield code="a">Owen Collection.</subfield>
         <subfield code="5">NyNyUAW</subfield>
      </datafield>
      <datafield tag="700" ind1="1" ind2=" ">
         <subfield code="a">Mildenberg, Leo,</subfield>
         <subfield code="e">honoree.</subfield>
      </datafield>
      <datafield tag="700" ind1="1" ind2=" ">
         <subfield code="a">Houghton, Arthur,</subfield>
         <subfield code="d">1940-</subfield>
      </datafield>
      <datafield tag="776" ind1="0" ind2="8">
         <subfield code="i">Online version:</subfield>
         <subfield code="t">Festschrift für Leo Mildenberg.</subfield>
         <subfield code="d">Wetteren, Belgium : Editions NR, 1984</subfield>
         <subfield code="w">(OCoLC)567472465</subfield>
      </datafield>
      <datafield tag="856" ind1="4" ind2="1">
         <subfield code="3">Table of contents</subfield>
         <subfield code="u">http://bvbr.bib-bvb.de:8991/F?func=service&amp;doc_library=BVB01&amp;local_base=BVB01&amp;doc_number=000418659&amp;line_number=0001&amp;func_code=DB_RECORDS&amp;service_type=MEDIA</subfield>
      </datafield>
      <datafield tag="OWN" ind1=" " ind2=" ">
         <subfield code="a">GENERAL</subfield>
      </datafield>
      <datafield tag="950" ind1=" " ind2=" ">
         <subfield code="l">IFAM</subfield>
         <subfield code="a">N7442.M56</subfield>
         <subfield code="b">F42 1984</subfield>
         <subfield code="i">11/19/85 C</subfield>
      </datafield>
      <datafield tag="955" ind1=" " ind2=" ">
         <subfield code="l">IFAM</subfield>
         <subfield code="c">1</subfield>
         <subfield code="i">11/19/85 C</subfield>
      </datafield>
      <datafield tag="AVA" ind1=" " ind2=" ">
         <subfield code="a">NYU50</subfield>
         <subfield code="b">NIFA</subfield>
         <subfield code="c">Main Collection</subfield>
         <subfield code="d">N7442.M56 F42 1984 Non-circulating</subfield>
         <subfield code="e">unavailable</subfield>
         <subfield code="t">Unavailable</subfield>
         <subfield code="f">1</subfield>
         <subfield code="g">1</subfield>
         <subfield code="h">N</subfield>
         <subfield code="i">0</subfield>
         <subfield code="j">MAIN</subfield>
         <subfield code="k">0</subfield>
      </datafield>
      <datafield tag="AVA" ind1=" " ind2=" ">
         <subfield code="a">NYU50</subfield>
         <subfield code="b">NISAW</subfield>
         <subfield code="c">Large Collection</subfield>
         <subfield code="d">N7442.M56 F42 1984 Non-circulating</subfield>
         <subfield code="e">available</subfield>
         <subfield code="t">Available</subfield>
         <subfield code="f">1</subfield>
         <subfield code="g">0</subfield>
         <subfield code="h">N</subfield>
         <subfield code="i">0</subfield>
         <subfield code="j">LARGE</subfield>
      </datafield>
      <marc:datafield tag="852" ind1=" " ind2=" ">
         <marc:subfield code="b">Institute for the Study of the Ancient World, </marc:subfield>
         <marc:subfield code="c">Large Collection</marc:subfield>
         <marc:subfield code="e">15 East 84th St., </marc:subfield>
         <marc:subfield code="e">New York, NY  10028</marc:subfield>
      </marc:datafield>
   </record>