
  
  
  
  
  
  
  
  
  
  
  
  
 
  
  <record xsi:schemaLocation="http://www.loc.gov/MARC21/slim http://www.loc.gov/standards/marcxml/schema/MARC21slim.xsd">
      <leader>00000cam a2200769 a 4500</leader>
      <controlfield tag="FMT">BK</controlfield>
      <controlfield tag="LDR">00000cam a2200769 a 4500</controlfield>
      <controlfield tag="001">001378383</controlfield>
      <controlfield tag="003">OCoLC</controlfield>
      <controlfield tag="005">20170731125408.0</controlfield>
      <controlfield tag="008">970916s1997    mduab    b    010 0 eng</controlfield>
      <datafield tag="010" ind1=" " ind2=" ">
         <subfield code="a">97035047</subfield>
      </datafield>
      <datafield tag="020" ind1=" " ind2=" ">
         <subfield code="a">1883053323</subfield>
      </datafield>
      <datafield tag="020" ind1=" " ind2=" ">
         <subfield code="a">9781883053321</subfield>
      </datafield>
      <datafield tag="035" ind1=" " ind2=" ">
         <subfield code="a">(OCoLC)37688280</subfield>
      </datafield>
      <datafield tag="040" ind1=" " ind2=" ">
         <subfield code="a">DLC</subfield>
         <subfield code="b">eng</subfield>
         <subfield code="c">DLC</subfield>
         <subfield code="d">EL$-</subfield>
         <subfield code="d">BAKER</subfield>
         <subfield code="d">NLGGC</subfield>
         <subfield code="d">BTCTA</subfield>
         <subfield code="d">YDXCP</subfield>
         <subfield code="d">ZWZ</subfield>
         <subfield code="d">GEBAY</subfield>
         <subfield code="d">BDX</subfield>
         <subfield code="d">GBVCP</subfield>
         <subfield code="d">OCLCF</subfield>
         <subfield code="d">DEBBG</subfield>
         <subfield code="d">HUC</subfield>
         <subfield code="d">KTS</subfield>
         <subfield code="d">ZYU</subfield>
      </datafield>
      <datafield tag="043" ind1=" " ind2=" ">
         <subfield code="a">aw-----</subfield>
      </datafield>
      <datafield tag="050" ind1="0" ind2="0">
         <subfield code="a">BL27</subfield>
         <subfield code="b">.C76 1997</subfield>
      </datafield>
      <datafield tag="079" ind1=" " ind2=" ">
         <subfield code="a">(OCoLC)37688280</subfield>
      </datafield>
      <datafield tag="082" ind1="0" ind2="0">
         <subfield code="a">939/.4</subfield>
         <subfield code="2">21</subfield>
      </datafield>
      <datafield tag="084" ind1=" " ind2=" ">
         <subfield code="a">15.51</subfield>
         <subfield code="2">bcl</subfield>
      </datafield>
      <datafield tag="084" ind1=" " ind2=" ">
         <subfield code="a">11.38</subfield>
         <subfield code="2">bcl</subfield>
      </datafield>
      <datafield tag="084" ind1=" " ind2=" ">
         <subfield code="a">15.16</subfield>
         <subfield code="2">bcl</subfield>
      </datafield>
      <datafield tag="084" ind1=" " ind2=" ">
         <subfield code="a">NK 8200</subfield>
         <subfield code="2">rvk</subfield>
      </datafield>
      <datafield tag="245" ind1="0" ind2="0">
         <subfield code="a">Crossing boundaries and linking horizons :</subfield>
         <subfield code="b">studies in honor of Michael C. Astour on his 80th birthday /</subfield>
         <subfield code="c">edited by Gordon D. Young, Mark W. Chavalas, Richard E. Averbeck ; with the assistance of Kevin L. Danti.</subfield>
      </datafield>
      <datafield tag="260" ind1=" " ind2=" ">
         <subfield code="a">Bethesda, Md. :</subfield>
         <subfield code="b">CDL Press,</subfield>
         <subfield code="c">c1997.</subfield>
      </datafield>
      <datafield tag="300" ind1=" " ind2=" ">
         <subfield code="a">xxiii, 689 p. :</subfield>
         <subfield code="b">ill., maps ;</subfield>
         <subfield code="c">24 cm.</subfield>
      </datafield>
      <datafield tag="336" ind1=" " ind2=" ">
         <subfield code="a">text</subfield>
         <subfield code="b">txt</subfield>
         <subfield code="2">rdacontent</subfield>
      </datafield>
      <datafield tag="337" ind1=" " ind2=" ">
         <subfield code="a">unmediated</subfield>
         <subfield code="b">n</subfield>
         <subfield code="2">rdamedia</subfield>
      </datafield>
      <datafield tag="338" ind1=" " ind2=" ">
         <subfield code="a">volume</subfield>
         <subfield code="b">nc</subfield>
         <subfield code="2">rdacarrier</subfield>
      </datafield>
      <datafield tag="500" ind1=" " ind2=" ">
         <subfield code="a">ISAW copy is from the library of David I. Owen.</subfield>
         <subfield code="5">NyNyUAW</subfield>
      </datafield>
      <datafield tag="504" ind1=" " ind2=" ">
         <subfield code="a">Includes bibliographical references.</subfield>
      </datafield>
      <datafield tag="505" ind1="0" ind2="0">
         <subfield code="t">Introduction /</subfield>
         <subfield code="r">Gordon D. Young --</subfield>
         <subfield code="t">Publications of Michael C. Astour --</subfield>
         <subfield code="t">An Interview with Michael C. Astour /</subfield>
         <subfield code="r">David I. Owen and Gordon D. Young --</subfield>
         <subfield code="t">Ritual Formula, Textual Frame, and Thematic Echo in the Cylinders of Gudea /</subfield>
         <subfield code="r">Richard E. Averbeck --</subfield>
         <subfield code="t">Real Propery Sales at Emar /</subfield>
         <subfield code="r">Gary Beckman --</subfield>
         <subfield code="t">Did Zimri-Lim Play a Role in Developing the Use of Tin-Bronze in Palestine? /</subfield>
         <subfield code="r">Barry J. Beitzel --</subfield>
         <subfield code="t">Black from the Oases /</subfield>
         <subfield code="r">Martin Bernal --</subfield>
         <subfield code="t">Šulgi in Simurrum /</subfield>
         <subfield code="r">Robert D. Biggs --</subfield>
         <subfield code="t">Naṣbum in the Khana Contracts from Terqa /</subfield>
         <subfield code="r">Mark W. Chavalas --</subfield>
         <subfield code="t">Achilles in Anatolia : Myth, History, and the Aššuwa Rebellion /</subfield>
         <subfield code="r">Eric H. Cline --</subfield>
         <subfield code="t">Der Vertrag zwischen Ir-Addu von Tunip und Niqmepa von Mukiš /</subfield>
         <subfield code="r">M. Dietrich and O. Loretz --</subfield>
         <subfield code="t">On the Location of Simurrum /</subfield>
         <subfield code="r">Douglas R. Frayne --</subfield>
         <subfield code="t">Father's Sons and Mother's Daughters : The Problem of Indo-European - Semitic Relationships /</subfield>
         <subfield code="r">Cyrus H. Gordon --</subfield>
      </datafield>
      <datafield tag="505" ind1="0" ind2="0">
         <subfield code="9"/>
         <subfield code="t">The Form and Structure of the Solomonic District List in 1 Kings 4:7-19 /</subfield>
         <subfield code="r">Richard S. Hess --</subfield>
         <subfield code="t">On Homicide in Hittite Law /</subfield>
         <subfield code="r">Harry A. Hoffner, Jr. --</subfield>
         <subfield code="t">Le fonctionnement de la poste et le métier de facteur d'après les textes de Mari /</subfield>
         <subfield code="r">Bertrand Lafont --</subfield>
         <subfield code="t">A New Teḫip-tilla Text Fragment /</subfield>
         <subfield code="r">M. P. Maidman --</subfield>
         <subfield code="t">Amnon and Tamar : A Matter of Honor (2 Samuel 13:1-38) /</subfield>
         <subfield code="r">Victor H. Matthews and Don C. Benjamin --</subfield>
         <subfield code="t">Ur III Geographical and Prosopographical Notes /</subfield>
         <subfield code="r">David I. Owen --</subfield>
         <subfield code="t">The Meaning of EN at Ebla /</subfield>
         <subfield code="r">Wayne T. Pitard --</subfield>
         <subfield code="t">Some Shared Traditions between Ḫana and the Kassites /</subfield>
         <subfield code="r">Amanda H. Podany --</subfield>
         <subfield code="t">The Early History of Israel /</subfield>
         <subfield code="r">Gary A. Rendsburg --</subfield>
         <subfield code="t">Nabonidus of Babylon /</subfield>
         <subfield code="r">Ronald H. Sack --</subfield>
         <subfield code="t">The Vow of Mutiya, King of Shekhna /</subfield>
         <subfield code="r">Jack M. Sasson --</subfield>
         <subfield code="t">Neo-Assyrian Battle Tactics /</subfield>
         <subfield code="r">JoAnn Scurlock --</subfield>
         <subfield code="t">Two Old Babylonian Contracts /</subfield>
         <subfield code="r">Ronald A. Veenker --</subfield>
         <subfield code="t">After Drinking (1 Sam 1:9) /</subfield>
         <subfield code="r">Stanley D. Walters --</subfield>
      </datafield>
      <datafield tag="505" ind1="0" ind2="0">
         <subfield code="9"/>
         <subfield code="t">Polytheism and Politics : Some Comments on Nabonidus' Foreign Policy /</subfield>
         <subfield code="r">David B. Weisberg --</subfield>
         <subfield code="t">The History of the Lake of Antioch A Preliminary Note /</subfield>
         <subfield code="r">T. J. Wilkinson --</subfield>
         <subfield code="t">The Play of Ritual in the 'Aqhat Narrative /</subfield>
         <subfield code="r">David. P. Wright --</subfield>
         <subfield code="t">Herodotus : Historian or Liar? /</subfield>
         <subfield code="r">Edwin M. Yamauchi --</subfield>
         <subfield code="t">Persia and Dhofar : Aspects of Iron Age International Politics and Trade /</subfield>
         <subfield code="r">Juris Zarins.</subfield>
      </datafield>
      <datafield tag="600" ind1="1" ind2="4">
         <subfield code="a">Astour, Michael C.</subfield>
         <subfield code="x">Homenajes.</subfield>
      </datafield>
      <datafield tag="600" ind1="1" ind2="7">
         <subfield code="a">Astour, Michael C.</subfield>
         <subfield code="2">swd</subfield>
      </datafield>
      <datafield tag="600" ind1="1" ind2="7">
         <subfield code="a">Astour, Michael C.,</subfield>
         <subfield code="d">1917-</subfield>
         <subfield code="0">(DE-588)12060079X</subfield>
         <subfield code="2">gnd</subfield>
      </datafield>
      <datafield tag="650" ind1=" " ind2="0">
         <subfield code="a">Religion.</subfield>
      </datafield>
      <datafield tag="651" ind1=" " ind2="0">
         <subfield code="a">Middle East</subfield>
         <subfield code="x">Civilization.</subfield>
      </datafield>
      <datafield tag="650" ind1=" " ind2="7">
         <subfield code="a">Civilization.</subfield>
         <subfield code="2">fast</subfield>
         <subfield code="0">(OCoLC)fst00862898</subfield>
      </datafield>
      <datafield tag="650" ind1=" " ind2="7">
         <subfield code="a">Religion.</subfield>
         <subfield code="2">fast</subfield>
         <subfield code="0">(OCoLC)fst01093763</subfield>
      </datafield>
      <datafield tag="651" ind1=" " ind2="7">
         <subfield code="a">Middle East.</subfield>
         <subfield code="2">fast</subfield>
         <subfield code="0">(OCoLC)fst01241586</subfield>
      </datafield>
      <datafield tag="650" ind1=" " ind2="7">
         <subfield code="a">Religion</subfield>
         <subfield code="z">Moyen-Orient.</subfield>
         <subfield code="2">ram</subfield>
      </datafield>
      <datafield tag="651" ind1=" " ind2="7">
         <subfield code="a">Moyen-Orient</subfield>
         <subfield code="x">Civilisation</subfield>
         <subfield code="y">Jusqu'à 622.</subfield>
         <subfield code="2">ram</subfield>
      </datafield>
      <datafield tag="650" ind1="0" ind2="7">
         <subfield code="a">Aufsatzsammlung.</subfield>
         <subfield code="2">swd</subfield>
      </datafield>
      <datafield tag="651" ind1=" " ind2="7">
         <subfield code="a">Alter Orient.</subfield>
         <subfield code="2">swd</subfield>
      </datafield>
      <datafield tag="651" ind1=" " ind2="7">
         <subfield code="a">Alter Orient.</subfield>
         <subfield code="0">(DE-588)4001451-4</subfield>
         <subfield code="2">gnd</subfield>
      </datafield>
      <datafield tag="653" ind1=" " ind2="0">
         <subfield code="a">Middle East</subfield>
         <subfield code="a">Civilization.</subfield>
      </datafield>
      <datafield tag="653" ind1=" " ind2="0">
         <subfield code="a">Religion.</subfield>
      </datafield>
      <datafield tag="655" ind1=" " ind2="4">
         <subfield code="a">Aufsatzsammlung.</subfield>
      </datafield>
      <datafield tag="700" ind1="1" ind2=" ">
         <subfield code="a">Owen, David I.,</subfield>
         <subfield code="e">former owner.</subfield>
         <subfield code="5">NyNyUAW</subfield>
      </datafield>
      <datafield tag="740" ind1="0" ind2=" ">
         <subfield code="a">Owen Collection.</subfield>
         <subfield code="5">NyNyUAW</subfield>
      </datafield>
      <datafield tag="700" ind1="1" ind2=" ">
         <subfield code="a">Astour, Michael C.</subfield>
      </datafield>
      <datafield tag="700" ind1="1" ind2=" ">
         <subfield code="a">Young, Gordon Douglas.</subfield>
      </datafield>
      <datafield tag="700" ind1="1" ind2=" ">
         <subfield code="a">Chavalas, Mark W.</subfield>
         <subfield code="q">(Mark William),</subfield>
         <subfield code="d">1954-</subfield>
      </datafield>
      <datafield tag="700" ind1="1" ind2=" ">
         <subfield code="a">Averbeck, Richard E.</subfield>
      </datafield>
      <datafield tag="700" ind1="1" ind2=" ">
         <subfield code="a">Danti, Kevin L.</subfield>
      </datafield>
      <datafield tag="776" ind1="0" ind2="8">
         <subfield code="i">Online version:</subfield>
         <subfield code="t">Crossing boundaries and linking horizons.</subfield>
         <subfield code="d">Bethesda, Md. : CDL Press, ©1997</subfield>
         <subfield code="w">(OCoLC)645886610</subfield>
      </datafield>
      <datafield tag="856" ind1=" " ind2=" ">
         <subfield code="u">http://bvbr.bib-bvb.de:8991/F?func=service&amp;doc_library=BVB01&amp;local_base=BVB01&amp;doc_number=008106973&amp;line_number=0001&amp;func_code=DB_RECORDS&amp;service_type=MEDIA</subfield>
         <subfield code="z">Inhaltsverzeichnis</subfield>
      </datafield>
      <datafield tag="OWN" ind1=" " ind2=" ">
         <subfield code="a">GENERAL</subfield>
      </datafield>
      <datafield tag="AVA" ind1=" " ind2=" ">
         <subfield code="a">NYU50</subfield>
         <subfield code="b">BOBST</subfield>
         <subfield code="c">Main Collection</subfield>
         <subfield code="d">BL27 .C76 1997</subfield>
         <subfield code="e">unavailable</subfield>
         <subfield code="t">Unavailable</subfield>
         <subfield code="f">1</subfield>
         <subfield code="g">1</subfield>
         <subfield code="h">N</subfield>
         <subfield code="i">8</subfield>
         <subfield code="j">MAIN</subfield>
         <subfield code="k">0</subfield>
      </datafield>
      <datafield tag="AVA" ind1=" " ind2=" ">
         <subfield code="a">NYU50</subfield>
         <subfield code="b">NIFA</subfield>
         <subfield code="c">Main Collection</subfield>
         <subfield code="d">BL27 .C76 1997 Non-circulating</subfield>
         <subfield code="e">available</subfield>
         <subfield code="t">Available</subfield>
         <subfield code="f">1</subfield>
         <subfield code="g">0</subfield>
         <subfield code="h">N</subfield>
         <subfield code="i">0</subfield>
         <subfield code="j">MAIN</subfield>
         <subfield code="k">0</subfield>
      </datafield>
      <datafield tag="AVA" ind1=" " ind2=" ">
         <subfield code="a">NYU50</subfield>
         <subfield code="b">NISAW</subfield>
         <subfield code="c">Small Collection</subfield>
         <subfield code="d">BL27 .C76 1997 Non-circulating</subfield>
         <subfield code="e">available</subfield>
         <subfield code="t">Available</subfield>
         <subfield code="f">1</subfield>
         <subfield code="g">0</subfield>
         <subfield code="h">N</subfield>
         <subfield code="i">0</subfield>
         <subfield code="j">SMALL</subfield>
         <subfield code="k">0</subfield>
      </datafield>
      <marc:datafield tag="852" ind1=" " ind2=" ">
         <marc:subfield code="b">Institute for the Study of the Ancient World, </marc:subfield>
         <marc:subfield code="c">Small Collection</marc:subfield>
         <marc:subfield code="e">15 East 84th St., </marc:subfield>
         <marc:subfield code="e">New York, NY  10028</marc:subfield>
      </marc:datafield>
   </record>