
  
  
  
  
  
  
  
  
  
  
  
  
  
 
  
  <record xsi:schemaLocation="http://www.loc.gov/MARC21/slim http://www.loc.gov/standards/marcxml/schema/MARC21slim.xsd">
      <leader>00000cam a2200853 a 4500</leader>
      <controlfield tag="FMT">BK</controlfield>
      <controlfield tag="LDR">00000cam a2200853 a 4500</controlfield>
      <controlfield tag="001">002866491</controlfield>
      <controlfield tag="003">OCoLC</controlfield>
      <controlfield tag="005">20170731130839.0</controlfield>
      <controlfield tag="008">861031s1987    ctua     b    010 0 eng</controlfield>
      <datafield tag="010" ind1=" " ind2=" ">
         <subfield code="a">86029441</subfield>
      </datafield>
      <datafield tag="016" ind1="7" ind2=" ">
         <subfield code="a">008456306</subfield>
         <subfield code="2">Uk</subfield>
      </datafield>
      <datafield tag="020" ind1=" " ind2=" ">
         <subfield code="a">0931500060</subfield>
      </datafield>
      <datafield tag="020" ind1=" " ind2=" ">
         <subfield code="a">9780931500060</subfield>
      </datafield>
      <datafield tag="020" ind1=" " ind2=" ">
         <subfield code="a">0931500052</subfield>
         <subfield code="q">(pbk.)</subfield>
      </datafield>
      <datafield tag="020" ind1=" " ind2=" ">
         <subfield code="a">9780931500053</subfield>
         <subfield code="q">(pbk.)</subfield>
      </datafield>
      <datafield tag="035" ind1=" " ind2=" ">
         <subfield code="a">(OCoLC)14719076</subfield>
         <subfield code="z">(OCoLC)222356389</subfield>
      </datafield>
      <datafield tag="040" ind1=" " ind2=" ">
         <subfield code="a">DLC</subfield>
         <subfield code="b">eng</subfield>
         <subfield code="c">DLC</subfield>
         <subfield code="d">MUQ</subfield>
         <subfield code="d">NLGGC</subfield>
         <subfield code="d">BAKER</subfield>
         <subfield code="d">BTCTA</subfield>
         <subfield code="d">YDXCP</subfield>
         <subfield code="d">OCLCG</subfield>
         <subfield code="d">CLU</subfield>
         <subfield code="d">HEBIS</subfield>
         <subfield code="d">OCLCO</subfield>
         <subfield code="d">OCLCA</subfield>
         <subfield code="d">DEBSZ</subfield>
         <subfield code="d">OCLCQ</subfield>
         <subfield code="d">OCLCA</subfield>
         <subfield code="d">UKMGB</subfield>
         <subfield code="d">OCLCF</subfield>
         <subfield code="d">OCLCO</subfield>
         <subfield code="d">MXL</subfield>
         <subfield code="d">OCLCQ</subfield>
         <subfield code="d">OCLCO</subfield>
         <subfield code="d">AUD</subfield>
         <subfield code="d">OCLCO</subfield>
         <subfield code="d">JPG</subfield>
         <subfield code="d">OCLCO</subfield>
         <subfield code="d">ZYU</subfield>
      </datafield>
      <datafield tag="043" ind1=" " ind2=" ">
         <subfield code="a">aw-----</subfield>
      </datafield>
      <datafield tag="050" ind1="0" ind2="4">
         <subfield code="a">BS1199.D34</subfield>
         <subfield code="b">L68x 1987</subfield>
      </datafield>
      <datafield tag="079" ind1=" " ind2=" ">
         <subfield code="a">(OCoLC)14719076</subfield>
      </datafield>
      <datafield tag="082" ind1="0" ind2=" ">
         <subfield code="a">291.2/3</subfield>
         <subfield code="2">19</subfield>
      </datafield>
      <datafield tag="084" ind1=" " ind2=" ">
         <subfield code="a">11.43</subfield>
         <subfield code="2">bcl</subfield>
      </datafield>
      <datafield tag="245" ind1="0" ind2="0">
         <subfield code="a">Love &amp; death in the ancient Near East :</subfield>
         <subfield code="b">essays in honor of Marvin H. Pope /</subfield>
         <subfield code="c">edited by John H. Marks and Robert M. Good.</subfield>
      </datafield>
      <datafield tag="246" ind1="3" ind2=" ">
         <subfield code="a">Love and death in the ancient Near East</subfield>
      </datafield>
      <datafield tag="260" ind1=" " ind2=" ">
         <subfield code="a">Guilford, Conn. :</subfield>
         <subfield code="b">Four Quarters Pub. Co.,</subfield>
         <subfield code="c">c1987.</subfield>
      </datafield>
      <datafield tag="300" ind1=" " ind2=" ">
         <subfield code="a">258 pages :</subfield>
         <subfield code="b">illustrations ;</subfield>
         <subfield code="c">29 cm</subfield>
      </datafield>
      <datafield tag="336" ind1=" " ind2=" ">
         <subfield code="a">text</subfield>
         <subfield code="b">txt</subfield>
         <subfield code="2">rdacontent</subfield>
      </datafield>
      <datafield tag="337" ind1=" " ind2=" ">
         <subfield code="a">unmediated</subfield>
         <subfield code="b">n</subfield>
         <subfield code="2">rdamedia</subfield>
      </datafield>
      <datafield tag="338" ind1=" " ind2=" ">
         <subfield code="a">volume</subfield>
         <subfield code="b">nc</subfield>
         <subfield code="2">rdacarrier</subfield>
      </datafield>
      <datafield tag="500" ind1=" " ind2=" ">
         <subfield code="a">ISAW copy is from the library of David I. Owen.</subfield>
         <subfield code="5">NyNyUAW</subfield>
      </datafield>
      <datafield tag="504" ind1=" " ind2=" ">
         <subfield code="a">Includes bibliographical references (pages 255-258).</subfield>
      </datafield>
      <datafield tag="505" ind1="0" ind2="0">
         <subfield code="t">MLK 'LM : "Eternal King" or "King of Eternity"? /</subfield>
         <subfield code="r">Alan Cooper --</subfield>
         <subfield code="t">Funerary Practices in EB IV (MB I) Palestine : A Study in Cultural Discontinuity /</subfield>
         <subfield code="r">William G. Dever --</subfield>
         <subfield code="t">Gilgamesh : Sex, Love and the Ascent of Knowledge /</subfield>
         <subfield code="r">Benjamin Foster --</subfield>
         <subfield code="t">The Marriage and Death of Sinuhe /</subfield>
         <subfield code="r">Cyrus H. Gordon --</subfield>
         <subfield code="t">The Birth of Kings /</subfield>
         <subfield code="r">William W. Hallo --</subfield>
         <subfield code="t">Hittie Terms for the Life Span /</subfield>
         <subfield code="r">Harry A. Hoffner, Jr. --</subfield>
         <subfield code="t">Two bal-bal-e Dialogues /</subfield>
         <subfield code="r">Thorkild Jacobsen --</subfield>
         <subfield code="t">"As Strong as Death" /</subfield>
         <subfield code="r">Dennis Pardee --</subfield>
         <subfield code="t">Death and Devotion : The Composition and Theme of Aqht /</subfield>
         <subfield code="r">Simon B. Parker --</subfield>
         <subfield code="t">On the Bite of a Dog /</subfield>
         <subfield code="r">Marcel Sigrist --</subfield>
         <subfield code="t">Death and Dying in Old Testament Theology /</subfield>
         <subfield code="r">Brevard S. Childs --</subfield>
         <subfield code="t">Love and death at Ebla and their biblical reflections /</subfield>
         <subfield code="r">Mitchell Dahood --</subfield>
         <subfield code="t">Abraham: lover or beloved of God /</subfield>
         <subfield code="r">M. Goshen-Gottstein --</subfield>
         <subfield code="t">Dust : Some aspects of Old Testament imagery /</subfield>
         <subfield code="r">Delbert R. Hillers --</subfield>
      </datafield>
      <datafield tag="505" ind1="0" ind2="0">
         <subfield code="9"/>
         <subfield code="t">The second table of the Decalogue and the implicit categories of Ancient Near Eastern law /</subfield>
         <subfield code="r">Stephen A. Kaufman --</subfield>
         <subfield code="t">Dance and death in the Song of Songs /</subfield>
         <subfield code="r">Roland E. Murphy --</subfield>
         <subfield code="t">Love and death in the court history of David /</subfield>
         <subfield code="r">John Van Seters --</subfield>
         <subfield code="t">On the death of Abiner /</subfield>
         <subfield code="r">David Noel Freedman --</subfield>
         <subfield code="t">The planting of man : A study in biblical imagery /</subfield>
         <subfield code="r">Tikva Frymer-Kensky --</subfield>
         <subfield code="t">Exodus 32:18 /</subfield>
         <subfield code="r">Robert M. Good --</subfield>
         <subfield code="t">Ezekiel 16 : A panorama of passions /</subfield>
         <subfield code="r">Moshe Greenberg --</subfield>
         <subfield code="t">Smitten by famine, battered by plague (Deuteronomy 32:24) /</subfield>
         <subfield code="r">Jonas C. Greenfield --</subfield>
         <subfield code="t">The door of love /</subfield>
         <subfield code="r">R. Lansing Hicks --</subfield>
         <subfield code="t">"Live coals heaped on the head" /</subfield>
         <subfield code="r">Stanislav Segert --</subfield>
         <subfield code="t">Notes on love and death in Proverbs /</subfield>
         <subfield code="r">Daniel C. Snell --</subfield>
         <subfield code="t">What is man that you have been mindful of him? (On Psalm 8:4-5) /</subfield>
         <subfield code="r">Jeffrey H. Tigay --</subfield>
         <subfield code="t">In defiance of death : Zechariah's symbolic universe /</subfield>
         <subfield code="r">Paul D. Hanson --</subfield>
         <subfield code="t">Holiness and death in the redaction of Numbers 16:1-20:13 /</subfield>
         <subfield code="r">Thomas W. Mann --</subfield>
      </datafield>
      <datafield tag="505" ind1="0" ind2="0">
         <subfield code="9"/>
         <subfield code="t">Psalm 106 : Yahweh's succoring love saves from the death of a broken covenant /</subfield>
         <subfield code="r">Neil H. Richardson --</subfield>
         <subfield code="t">Love's roots : On the redaction of Genesis 30:14-24 /</subfield>
         <subfield code="r">Jack M. Sasson --</subfield>
         <subfield code="t">The death of the King of Tyre : The editorial history of Ezekiel 28 /</subfield>
         <subfield code="r">Robert R. Wilson --</subfield>
         <subfield code="t">The death of Moses : An exercise in Midrashic transposition /</subfield>
         <subfield code="r">Judah Goldin --</subfield>
         <subfield code="t">The cult of the dead in Corinth /</subfield>
         <subfield code="r">Charles A. Kennedy --</subfield>
         <subfield code="t">The death of Abū Tālib /</subfield>
         <subfield code="r">Fred McGraw Donner --</subfield>
         <subfield code="t">Reflections on love in Paradise /</subfield>
         <subfield code="r">Franz Rosenthal --</subfield>
         <subfield code="t">Bibliography of Marvin H. Pope.</subfield>
      </datafield>
      <datafield tag="630" ind1="0" ind2="0">
         <subfield code="a">Bible.</subfield>
         <subfield code="p">Old Testament</subfield>
         <subfield code="x">Criticism, interpretation, etc.</subfield>
      </datafield>
      <datafield tag="650" ind1=" " ind2="0">
         <subfield code="a">Death</subfield>
         <subfield code="x">Biblical teaching.</subfield>
      </datafield>
      <datafield tag="650" ind1=" " ind2="0">
         <subfield code="a">Love</subfield>
         <subfield code="x">Biblical teaching.</subfield>
      </datafield>
      <datafield tag="651" ind1=" " ind2="0">
         <subfield code="a">Middle East</subfield>
         <subfield code="x">Social life and customs.</subfield>
      </datafield>
      <datafield tag="600" ind1="1" ind2="0">
         <subfield code="a">Pope, Marvin H.</subfield>
      </datafield>
      <datafield tag="600" ind1="1" ind2="6">
         <subfield code="a">Pope, Marvin H.,</subfield>
         <subfield code="d">1916-</subfield>
      </datafield>
      <datafield tag="630" ind1="0" ind2="6">
         <subfield code="a">Bible.</subfield>
         <subfield code="p">A.T.</subfield>
         <subfield code="x">Critique, interprétation, etc.</subfield>
      </datafield>
      <datafield tag="600" ind1="1" ind2="7">
         <subfield code="a">Pope, Marvin H.</subfield>
         <subfield code="2">fast</subfield>
         <subfield code="0">(OCoLC)fst00189015</subfield>
      </datafield>
      <datafield tag="630" ind1="0" ind2="7">
         <subfield code="a">Bible.</subfield>
         <subfield code="p">Old Testament.</subfield>
         <subfield code="2">fast</subfield>
         <subfield code="0">(OCoLC)fst01808092</subfield>
      </datafield>
      <datafield tag="600" ind1="1" ind2="4">
         <subfield code="a">Pope, Marvin H.</subfield>
      </datafield>
      <datafield tag="630" ind1="0" ind2="4">
         <subfield code="a">Bible.</subfield>
         <subfield code="p">O.T.</subfield>
         <subfield code="x">Criticism, interpretation, etc.</subfield>
      </datafield>
      <datafield tag="650" ind1=" " ind2="7">
         <subfield code="a">Death</subfield>
         <subfield code="x">Biblical teaching.</subfield>
         <subfield code="2">fast</subfield>
         <subfield code="0">(OCoLC)fst00888615</subfield>
      </datafield>
      <datafield tag="650" ind1=" " ind2="7">
         <subfield code="a">Love</subfield>
         <subfield code="x">Biblical teaching.</subfield>
         <subfield code="2">fast</subfield>
         <subfield code="0">(OCoLC)fst01002771</subfield>
      </datafield>
      <datafield tag="650" ind1=" " ind2="7">
         <subfield code="a">Manners and customs.</subfield>
         <subfield code="2">fast</subfield>
         <subfield code="0">(OCoLC)fst01007815</subfield>
      </datafield>
      <datafield tag="651" ind1=" " ind2="7">
         <subfield code="a">Middle East.</subfield>
         <subfield code="2">fast</subfield>
         <subfield code="0">(OCoLC)fst01241586</subfield>
      </datafield>
      <datafield tag="655" ind1=" " ind2="7">
         <subfield code="a">Criticism, interpretation, etc.</subfield>
         <subfield code="2">fast</subfield>
         <subfield code="0">(OCoLC)fst01411635</subfield>
      </datafield>
      <datafield tag="700" ind1="1" ind2=" ">
         <subfield code="a">Owen, David I.,</subfield>
         <subfield code="e">former owner.</subfield>
         <subfield code="5">NyNyUAW</subfield>
      </datafield>
      <datafield tag="740" ind1="0" ind2=" ">
         <subfield code="a">Owen Collection.</subfield>
         <subfield code="5">NyNyUAW</subfield>
      </datafield>
      <datafield tag="700" ind1="1" ind2=" ">
         <subfield code="a">Pope, Marvin H.</subfield>
      </datafield>
      <datafield tag="700" ind1="1" ind2=" ">
         <subfield code="a">Marks, John H.</subfield>
         <subfield code="q">(John Henry)</subfield>
      </datafield>
      <datafield tag="700" ind1="1" ind2=" ">
         <subfield code="a">Good, Robert McClive.</subfield>
      </datafield>
      <datafield tag="776" ind1="0" ind2="8">
         <subfield code="i">Online version:</subfield>
         <subfield code="t">Love &amp; death in the ancient Near East.</subfield>
         <subfield code="d">Guilford, Conn. : Four Quarters Pub. Co., ©1987</subfield>
         <subfield code="w">(OCoLC)572816251</subfield>
      </datafield>
      <datafield tag="776" ind1="0" ind2="8">
         <subfield code="i">Online version:</subfield>
         <subfield code="t">Love &amp; death in the ancient Near East.</subfield>
         <subfield code="d">Guilford, Conn. : Four Quarters Pub. Co., ©1987</subfield>
         <subfield code="w">(OCoLC)609418474</subfield>
      </datafield>
      <datafield tag="856" ind1="4" ind2="1">
         <subfield code="3">Table of contents</subfield>
         <subfield code="u">http://swbplus.bsz-bw.de/bsz013412094inh.htm</subfield>
      </datafield>
      <datafield tag="OWN" ind1=" " ind2=" ">
         <subfield code="a">GENERAL</subfield>
      </datafield>
      <datafield tag="950" ind1=" " ind2=" ">
         <subfield code="l">BMAIN</subfield>
         <subfield code="h">12/11/87 C</subfield>
      </datafield>
      <datafield tag="955" ind1=" " ind2=" ">
         <subfield code="l">BMAIN</subfield>
         <subfield code="c">1</subfield>
         <subfield code="q">87-B31117-1</subfield>
         <subfield code="r">012923952</subfield>
         <subfield code="h">12/11/87 C</subfield>
      </datafield>
      <datafield tag="950" ind1=" " ind2=" ">
         <subfield code="l">IFAM</subfield>
         <subfield code="h">01/31/92 C</subfield>
      </datafield>
      <datafield tag="955" ind1=" " ind2=" ">
         <subfield code="l">IFAM</subfield>
         <subfield code="c">1</subfield>
         <subfield code="h">01/31/92 C</subfield>
      </datafield>
      <datafield tag="998" ind1=" " ind2=" ">
         <subfield code="a">01/12/95</subfield>
         <subfield code="t">b</subfield>
         <subfield code="s">9110</subfield>
         <subfield code="n">NNU</subfield>
         <subfield code="w">DCLC8629441B</subfield>
         <subfield code="d">10/02/87</subfield>
         <subfield code="b">XXX</subfield>
         <subfield code="i">950112</subfield>
         <subfield code="h">950105</subfield>
         <subfield code="h">920131</subfield>
         <subfield code="h">871211</subfield>
         <subfield code="l">NYUG</subfield>
      </datafield>
      <datafield tag="AVA" ind1=" " ind2=" ">
         <subfield code="a">NYU50</subfield>
         <subfield code="b">BOBST</subfield>
         <subfield code="c">Main Collection</subfield>
         <subfield code="d">BS1199.D34 L68 1986</subfield>
         <subfield code="e">available</subfield>
         <subfield code="t">Available</subfield>
         <subfield code="f">1</subfield>
         <subfield code="g">0</subfield>
         <subfield code="h">N</subfield>
         <subfield code="i">4</subfield>
         <subfield code="j">MAIN</subfield>
         <subfield code="k">0</subfield>
      </datafield>
      <datafield tag="AVA" ind1=" " ind2=" ">
         <subfield code="a">NYU50</subfield>
         <subfield code="b">NIFA</subfield>
         <subfield code="c">Main Collection</subfield>
         <subfield code="d">BS1199.D34 L68 1986 Non-Circulating</subfield>
         <subfield code="e">available</subfield>
         <subfield code="t">Available</subfield>
         <subfield code="f">1</subfield>
         <subfield code="g">0</subfield>
         <subfield code="h">N</subfield>
         <subfield code="i">0</subfield>
         <subfield code="j">MAIN</subfield>
         <subfield code="k">0</subfield>
      </datafield>
      <datafield tag="AVA" ind1=" " ind2=" ">
         <subfield code="a">NYU50</subfield>
         <subfield code="b">NISAW</subfield>
         <subfield code="c">Large Collection</subfield>
         <subfield code="d">BS1199.D34 L68 1986 Non-circulating</subfield>
         <subfield code="e">available</subfield>
         <subfield code="t">Available</subfield>
         <subfield code="f">1</subfield>
         <subfield code="g">0</subfield>
         <subfield code="h">N</subfield>
         <subfield code="i">0</subfield>
         <subfield code="j">LARGE</subfield>
         <subfield code="k">0</subfield>
      </datafield>
      <marc:datafield tag="852" ind1=" " ind2=" ">
         <marc:subfield code="b">Institute for the Study of the Ancient World, </marc:subfield>
         <marc:subfield code="c">Large Collection</marc:subfield>
         <marc:subfield code="e">15 East 84th St., </marc:subfield>
         <marc:subfield code="e">New York, NY  10028</marc:subfield>
      </marc:datafield>
   </record>