
  
  
  
  
  
  
  
  
  
  
 
  
  <record xsi:schemaLocation="http://www.loc.gov/MARC21/slim http://www.loc.gov/standards/marcxml/schema/MARC21slim.xsd">
      <leader>00000cam a2200421 a 4500</leader>
      <controlfield tag="FMT">BK</controlfield>
      <controlfield tag="LDR">00000cam a2200421 a 4500</controlfield>
      <controlfield tag="001">003704528</controlfield>
      <controlfield tag="003">OCoLC</controlfield>
      <controlfield tag="005">20170626115438.0</controlfield>
      <controlfield tag="008">130104s2012    gw ab    b    100 0 eng d</controlfield>
      <datafield tag="016" ind1="7" ind2=" ">
         <subfield code="a">1027957552</subfield>
         <subfield code="2">DE-101</subfield>
      </datafield>
      <datafield tag="020" ind1=" " ind2=" ">
         <subfield code="a">9783447068208 (hd.bd.)</subfield>
      </datafield>
      <datafield tag="020" ind1=" " ind2=" ">
         <subfield code="a">3447068205 (hd.bd.)</subfield>
      </datafield>
      <datafield tag="035" ind1="7" ind2=" ">
         <subfield code="a">har120297105</subfield>
      </datafield>
      <datafield tag="035" ind1=" " ind2=" ">
         <subfield code="a">(OCoLC)823576828</subfield>
      </datafield>
      <datafield tag="040" ind1=" " ind2=" ">
         <subfield code="a">OHX</subfield>
         <subfield code="c">OHX</subfield>
         <subfield code="d">OCLCO</subfield>
         <subfield code="d">JHE</subfield>
         <subfield code="d">ZVP</subfield>
         <subfield code="d">BTCTA</subfield>
         <subfield code="d">CFT</subfield>
         <subfield code="d">NNU</subfield>
      </datafield>
      <datafield tag="043" ind1=" " ind2=" ">
         <subfield code="a">aw-----</subfield>
      </datafield>
      <datafield tag="050" ind1=" " ind2="4">
         <subfield code="a">DS56</subfield>
         <subfield code="b">.R43 2012</subfield>
      </datafield>
      <datafield tag="072" ind1=" " ind2="7">
         <subfield code="a">DS</subfield>
         <subfield code="2">lcco</subfield>
      </datafield>
      <datafield tag="079" ind1=" " ind2=" ">
         <subfield code="a">(OCoLC)823576828</subfield>
      </datafield>
      <datafield tag="245" ind1="0" ind2="0">
         <subfield code="a">(Re-)constructing funerary rituals in the ancient Near East :</subfield>
         <subfield code="b">proceedings of the first international symposium of the Tübingen Post-Graduate School "Symbols of the Dead" in May 2009 /</subfield>
         <subfield code="c">edited by Peter Pfälzner ... [et al.].</subfield>
      </datafield>
      <datafield tag="246" ind1="3" ind2=" ">
         <subfield code="a">Re-constructing funerary rituals in the Ancient Near East</subfield>
      </datafield>
      <datafield tag="246" ind1="3" ind2=" ">
         <subfield code="a">Constructing funerary rituals in the Ancient Near East</subfield>
      </datafield>
      <datafield tag="260" ind1=" " ind2=" ">
         <subfield code="a">Wiesbaden :</subfield>
         <subfield code="b">Harrassowitz,</subfield>
         <subfield code="c">c2012.</subfield>
      </datafield>
      <datafield tag="300" ind1=" " ind2=" ">
         <subfield code="a">ix, 312 p. :</subfield>
         <subfield code="b">ill. (some col.), maps ;</subfield>
         <subfield code="c">30 cm.</subfield>
      </datafield>
      <datafield tag="490" ind1="1" ind2=" ">
         <subfield code="a">Qatna Studien. Supplementa,</subfield>
         <subfield code="x">2195-4305 ;</subfield>
         <subfield code="v">Bd. 1</subfield>
      </datafield>
      <datafield tag="500" ind1=" " ind2=" ">
         <subfield code="a">International conference proceedings.</subfield>
      </datafield>
      <datafield tag="504" ind1=" " ind2=" ">
         <subfield code="a">Includes bibliographical references.</subfield>
      </datafield>
      <datafield tag="505" ind1="0" ind2="0">
         <subfield code="t">(Re-)constructing funerary rituals in the ancient Near East : a reflecting review /</subfield>
         <subfield code="r">Marlies Heinz --</subfield>
         <subfield code="t">Cult of the ancestors and funerary practices at Ebla /</subfield>
         <subfield code="r">Alfonso Archi --</subfield>
         <subfield code="t">A potential reconstruction of funerary rituals in the monument mortuary complex at Tell Ahmar /</subfield>
         <subfield code="r">Li Sang --</subfield>
         <subfield code="t">An age of heros? : some thoughts on early bronze age funerary customs in Northern Mesopotamia /</subfield>
         <subfield code="r">Babara Helwing --</subfield>
         <subfield code="t">Era of living dead : funerary praxis and symbol in the third millennium BC Syria /</subfield>
         <subfield code="r">Glenn M. Schwartz --</subfield>
         <subfield code="t">Funerary practices from the end of the early to the middle bronze age in Northwestern Syria : the Middle Euphrates valley /</subfield>
         <subfield code="r">Candida Felli --</subfield>
         <subfield code="t">Ritual aspects of Middle Bronze Age burial practices in the Hurrian city of Urkesh /</subfield>
         <subfield code="r">Anne Wissing --</subfield>
         <subfield code="t">Funerary rites and cult of the ancestors during the Amorite period : the evidence of the Royal Archives of Mari /</subfield>
         <subfield code="r">Antoine Jacquet --</subfield>
      </datafield>
      <datafield tag="505" ind1="0" ind2="0">
         <subfield code="9"/>
         <subfield code="t">Thanatography and the contextualization of ritual activities : preliminary observations on mortuary ritual practice at Middle Bronze Age Jericho /</subfield>
         <subfield code="r">Panayiotis Andreou --</subfield>
         <subfield code="t">Two stelae mentioning mortuary offerings from Ugarit (KTU 6.13 and 6.14) /</subfield>
         <subfield code="r">Herbert Niehr --</subfield>
         <subfield code="t">Food and libation offerings for the royal dead in Ugarit /</subfield>
         <subfield code="r">Sarah Lange --</subfield>
         <subfield code="t">Urban mortuary practices in Enkomi and Ugarit in the Second Millennium BC /</subfield>
         <subfield code="r">Priscilla Keswani --</subfield>
         <subfield code="t">How did they bury the kings of Qatna? /</subfield>
         <subfield code="r">Peter Pfälzner --</subfield>
         <subfield code="t">Calcite-alabaster as grave goods : terminology and sources /</subfield>
         <subfield code="r">Tina Köster --</subfield>
         <subfield code="t">How to become an ancestor : some thoughts /</subfield>
         <subfield code="r">Katharina Teinz --</subfield>
         <subfield code="t">"Asiatics will not lay you to rest" : Egyptian funerary ritual and the question of mutual influence /</subfield>
         <subfield code="r">Andrea Kucharek --</subfield>
         <subfield code="t">The spatial order in the tomb buildings of the Middle Elamite period /</subfield>
         <subfield code="r">Behzad Mofidi-Nasrabadi --</subfield>
      </datafield>
      <datafield tag="505" ind1="0" ind2="0">
         <subfield code="9"/>
         <subfield code="t">Concerning the dead : how to bury an Assyrian king? : possibilities and limits of the archeological and written evidence in the second and first millennium BC /</subfield>
         <subfield code="r">Steven Lundström --</subfield>
         <subfield code="t">The role of some stelae in Phoenician burial customs /</subfield>
         <subfield code="r">Mathias Lange --</subfield>
         <subfield code="t">No cult of the dead /</subfield>
         <subfield code="r">Robert Wenning --</subfield>
         <subfield code="t">Kyrgyz funerals and memorials from an Ethnological perspective /</subfield>
         <subfield code="r">Roland Hardenberg.</subfield>
      </datafield>
      <datafield tag="650" ind1=" " ind2="0">
         <subfield code="a">Funeral rites and ceremonies, Ancient</subfield>
         <subfield code="z">Middle East</subfield>
         <subfield code="v">Congresses.</subfield>
      </datafield>
      <datafield tag="650" ind1=" " ind2="0">
         <subfield code="a">Social archaeology</subfield>
         <subfield code="z">Middle East</subfield>
         <subfield code="v">Congresses.</subfield>
      </datafield>
      <datafield tag="651" ind1=" " ind2="0">
         <subfield code="a">Middle East</subfield>
         <subfield code="x">Religious life and customs</subfield>
         <subfield code="v">Congresses.</subfield>
      </datafield>
      <datafield tag="650" ind1=" " ind2="0">
         <subfield code="a">Death</subfield>
         <subfield code="z">Middle East</subfield>
         <subfield code="x">Religious aspects.</subfield>
      </datafield>
      <datafield tag="700" ind1="1" ind2=" ">
         <subfield code="a">Pfälzner, Peter.</subfield>
      </datafield>
      <datafield tag="830" ind1=" " ind2="0">
         <subfield code="a">Qaṭna Studien.</subfield>
         <subfield code="p">Supplementa ;</subfield>
         <subfield code="v">Bd. 1.</subfield>
      </datafield>
      <datafield tag="OWN" ind1=" " ind2=" ">
         <subfield code="a">GENERAL</subfield>
      </datafield>
      <datafield tag="AVA" ind1=" " ind2=" ">
         <subfield code="a">NYU50</subfield>
         <subfield code="b">BOBST</subfield>
         <subfield code="c">Main Collection</subfield>
         <subfield code="d">DS56 .R43 2012 Oversize</subfield>
         <subfield code="e">unavailable</subfield>
         <subfield code="t">Unavailable</subfield>
         <subfield code="f">1</subfield>
         <subfield code="g">1</subfield>
         <subfield code="h">N</subfield>
         <subfield code="i">5</subfield>
         <subfield code="j">MAIN</subfield>
         <subfield code="k">0</subfield>
      </datafield>
      <datafield tag="AVA" ind1=" " ind2=" ">
         <subfield code="a">NYU50</subfield>
         <subfield code="b">NISAW</subfield>
         <subfield code="c">Large Collection</subfield>
         <subfield code="d">DS56 .R43 2012 Non-circulating</subfield>
         <subfield code="e">available</subfield>
         <subfield code="t">Available</subfield>
         <subfield code="f">1</subfield>
         <subfield code="g">0</subfield>
         <subfield code="h">N</subfield>
         <subfield code="i">0</subfield>
         <subfield code="j">LARGE</subfield>
         <subfield code="k">0</subfield>
      </datafield>
      <marc:datafield tag="852" ind1=" " ind2=" ">
         <marc:subfield code="b">Institute for the Study of the Ancient World, </marc:subfield>
         <marc:subfield code="c">Large Collection</marc:subfield>
         <marc:subfield code="e">15 East 84th St., </marc:subfield>
         <marc:subfield code="e">New York, NY  10028</marc:subfield>
      </marc:datafield>
   </record>