
  
  
  
  
  
  
  
  
  
  
  
 
  
  <record xsi:schemaLocation="http://www.loc.gov/MARC21/slim http://www.loc.gov/standards/marcxml/schema/MARC21slim.xsd">
      <leader>00000cam a2200889 a 4500</leader>
      <controlfield tag="FMT">BK</controlfield>
      <controlfield tag="LDR">00000cam a2200889 a 4500</controlfield>
      <controlfield tag="001">002167140</controlfield>
      <controlfield tag="003">OCoLC</controlfield>
      <controlfield tag="005">20170623120435.0</controlfield>
      <controlfield tag="008">810723m19849999enka     b    001 0 eng</controlfield>
      <datafield tag="010" ind1=" " ind2=" ">
         <subfield code="a">77085704</subfield>
      </datafield>
      <datafield tag="015" ind1=" " ind2=" ">
         <subfield code="a">GB9310913</subfield>
         <subfield code="2">bnb</subfield>
      </datafield>
      <datafield tag="016" ind1="7" ind2=" ">
         <subfield code="a">005639195</subfield>
         <subfield code="2">Uk</subfield>
      </datafield>
      <datafield tag="020" ind1=" " ind2=" ">
         <subfield code="a">0521218802</subfield>
         <subfield code="q">(v. 1)</subfield>
      </datafield>
      <datafield tag="020" ind1=" " ind2=" ">
         <subfield code="a">9780521218801</subfield>
         <subfield code="q">(v. 1)</subfield>
      </datafield>
      <datafield tag="020" ind1=" " ind2=" ">
         <subfield code="a">0521219299</subfield>
         <subfield code="q">(v. 2)</subfield>
      </datafield>
      <datafield tag="020" ind1=" " ind2=" ">
         <subfield code="a">9780521219297</subfield>
         <subfield code="q">(v. 2)</subfield>
      </datafield>
      <datafield tag="020" ind1=" " ind2=" ">
         <subfield code="a">0521243777</subfield>
         <subfield code="q">(v. 3)</subfield>
      </datafield>
      <datafield tag="020" ind1=" " ind2=" ">
         <subfield code="a">9780521243773</subfield>
         <subfield code="q">(v. 3)</subfield>
      </datafield>
      <datafield tag="020" ind1=" " ind2=" ">
         <subfield code="a">0521772486</subfield>
         <subfield code="q">(v. 4)</subfield>
      </datafield>
      <datafield tag="020" ind1=" " ind2=" ">
         <subfield code="a">9780521772488</subfield>
         <subfield code="q">(v. 4)</subfield>
      </datafield>
      <datafield tag="020" ind1=" " ind2=" ">
         <subfield code="a">0521802822</subfield>
         <subfield code="q">(set of v. 1-v.3)</subfield>
      </datafield>
      <datafield tag="020" ind1=" " ind2=" ">
         <subfield code="a">9780521802826</subfield>
         <subfield code="q">(set of v. 1-v.3)</subfield>
      </datafield>
      <datafield tag="035" ind1=" " ind2=" ">
         <subfield code="a">(OCoLC)7672733</subfield>
         <subfield code="z">(OCoLC)29751363</subfield>
         <subfield code="z">(OCoLC)37379126</subfield>
         <subfield code="z">(OCoLC)232183894</subfield>
         <subfield code="z">(OCoLC)500972644</subfield>
         <subfield code="z">(OCoLC)610502605</subfield>
         <subfield code="z">(OCoLC)610535361</subfield>
      </datafield>
      <datafield tag="040" ind1=" " ind2=" ">
         <subfield code="a">DLC</subfield>
         <subfield code="b">eng</subfield>
         <subfield code="c">DLC</subfield>
         <subfield code="d">UKM</subfield>
         <subfield code="d">MUQ</subfield>
         <subfield code="d">NLGGC</subfield>
         <subfield code="d">BAKER</subfield>
         <subfield code="d">ITC</subfield>
         <subfield code="d">YDXCP</subfield>
         <subfield code="d">BTCTA</subfield>
         <subfield code="d">TXQ</subfield>
         <subfield code="d">CBC</subfield>
         <subfield code="d">UPP</subfield>
         <subfield code="d">AU@</subfield>
         <subfield code="d">CPE</subfield>
         <subfield code="d">IXA</subfield>
         <subfield code="d">IOD</subfield>
         <subfield code="d">CDX</subfield>
         <subfield code="d">OCLCQ</subfield>
         <subfield code="d">ZWZ</subfield>
         <subfield code="d">DOS</subfield>
         <subfield code="d">UKMGB</subfield>
         <subfield code="d">OCLCF</subfield>
         <subfield code="d">P4I</subfield>
         <subfield code="d">OCLCQ</subfield>
         <subfield code="d">KIJ</subfield>
         <subfield code="d">IOO</subfield>
         <subfield code="d">ONS</subfield>
         <subfield code="d">OCLCA</subfield>
         <subfield code="d">OCLCQ</subfield>
         <subfield code="d">EUW</subfield>
         <subfield code="d">OCLCQ</subfield>
         <subfield code="d">NNU</subfield>
      </datafield>
      <datafield tag="050" ind1="0" ind2="0">
         <subfield code="a">BM155.2</subfield>
         <subfield code="b">.C35 1984</subfield>
      </datafield>
      <datafield tag="079" ind1=" " ind2=" ">
         <subfield code="a">(OCoLC)7672733</subfield>
      </datafield>
      <datafield tag="082" ind1="0" ind2="0">
         <subfield code="a">296</subfield>
         <subfield code="2">19</subfield>
      </datafield>
      <datafield tag="084" ind1=" " ind2=" ">
         <subfield code="a">11.20</subfield>
         <subfield code="2">bcl</subfield>
      </datafield>
      <datafield tag="084" ind1=" " ind2=" ">
         <subfield code="a">15.50</subfield>
         <subfield code="2">bcl</subfield>
      </datafield>
      <datafield tag="088" ind1=" " ind2=" ">
         <subfield code="a">/kjl 5/22/2000</subfield>
      </datafield>
      <datafield tag="090" ind1=" " ind2=" ">
         <subfield code="a">BM155.2</subfield>
         <subfield code="b">.C35 1984</subfield>
         <subfield code="h">05/24/90 CT</subfield>
         <subfield code="h">05/08/90 CT</subfield>
         <subfield code="h">01/23/85 CT</subfield>
         <subfield code="h">05/24/84 CT</subfield>
      </datafield>
      <datafield tag="245" ind1="0" ind2="4">
         <subfield code="a">The Cambridge history of Judaism /</subfield>
         <subfield code="c">edited by W.D. Davies, Louis Finkelstein.</subfield>
      </datafield>
      <datafield tag="260" ind1=" " ind2=" ">
         <subfield code="a">Cambridge ;</subfield>
         <subfield code="a">New York :</subfield>
         <subfield code="b">Cambridge University Press,</subfield>
         <subfield code="c">1984-&lt;2006&gt;</subfield>
      </datafield>
      <datafield tag="300" ind1=" " ind2=" ">
         <subfield code="a">volumes &lt;1-4&gt; :</subfield>
         <subfield code="b">illustrations ;</subfield>
         <subfield code="c">24 cm</subfield>
      </datafield>
      <datafield tag="336" ind1=" " ind2=" ">
         <subfield code="a">text</subfield>
         <subfield code="b">txt</subfield>
         <subfield code="2">rdacontent</subfield>
      </datafield>
      <datafield tag="337" ind1=" " ind2=" ">
         <subfield code="a">unmediated</subfield>
         <subfield code="b">n</subfield>
         <subfield code="2">rdamedia</subfield>
      </datafield>
      <datafield tag="338" ind1=" " ind2=" ">
         <subfield code="a">volume</subfield>
         <subfield code="b">nc</subfield>
         <subfield code="2">rdacarrier</subfield>
      </datafield>
      <datafield tag="500" ind1=" " ind2=" ">
         <subfield code="a">ISAW copy (v.1) is from the library of Hayim and Miriam Tadmor.</subfield>
         <subfield code="5">NyNyUAW</subfield>
      </datafield>
      <datafield tag="500" ind1=" " ind2=" ">
         <subfield code="a">ISAW copy (v.2) is from the library of David I. Owen.</subfield>
         <subfield code="5">NyNyUAW</subfield>
      </datafield>
      <datafield tag="500" ind1=" " ind2=" ">
         <subfield code="a">Vol. 3 edited by William Horbury, W.D. Davies, John Sturdy.</subfield>
      </datafield>
      <datafield tag="500" ind1=" " ind2=" ">
         <subfield code="a">Vol. 4 edited by Steven T. Katz.</subfield>
      </datafield>
      <datafield tag="504" ind1=" " ind2=" ">
         <subfield code="a">Includes bibliographical references and index.</subfield>
      </datafield>
      <datafield tag="505" ind1="0" ind2="0">
         <subfield code="g">v. 1.</subfield>
         <subfield code="t">Introduction. The Persian period --</subfield>
         <subfield code="g">v. 2.</subfield>
         <subfield code="t">The Hellenistic age --</subfield>
         <subfield code="g">v. 3.</subfield>
         <subfield code="t">The early Roman period /</subfield>
         <subfield code="r">volume editors, William Horbury, W.D. Davies, John Sturdy --</subfield>
         <subfield code="g">v. 4.</subfield>
         <subfield code="t">The late Roman-Rabbinic period /</subfield>
         <subfield code="r">volume editor, Steven T. Katz.</subfield>
      </datafield>
      <datafield tag="520" ind1=" " ind2=" ">
         <subfield code="a">"The Cambridge History of Judaism" covers the history of the Jews from the Exile in 5 87 B.C.E. to the early Roman period extending into the third century C.E.A comprehensive examination is made of all the relevant literary and archeological sources, and special attention is given to the interaction of Iranian, Semitic, Hellenistic and Roman cultures. The contributors include both Jewish and Gentile scholars from many countries, and this History thus helps to deliver the study of Jewish history and Christian origins from geographical and religious limitations, and contributes to a deeper understanding and a broader tolerance. This first volume opens with three introductory chapters to the work as a whole dealing with the geographical background, the chronology and the numismatic history of Judaism. The remainder of this volume concentrates on the Persian period, the two and a half centuries following the Babylonian Exile.</subfield>
      </datafield>
      <datafield tag="650" ind1=" " ind2="0">
         <subfield code="a">Judaism</subfield>
         <subfield code="x">History.</subfield>
      </datafield>
      <datafield tag="650" ind1=" " ind2="2">
         <subfield code="a">Judaism</subfield>
         <subfield code="x">history.</subfield>
      </datafield>
      <datafield tag="650" ind1=" " ind2="6">
         <subfield code="a">Judaïsme</subfield>
         <subfield code="x">Histoire.</subfield>
      </datafield>
      <datafield tag="650" ind1=" " ind2="7">
         <subfield code="a">Judaism.</subfield>
         <subfield code="2">fast</subfield>
         <subfield code="0">(OCoLC)fst00984280</subfield>
      </datafield>
      <datafield tag="650" ind1="1" ind2="7">
         <subfield code="a">Jodendom.</subfield>
         <subfield code="2">gtt</subfield>
      </datafield>
      <datafield tag="650" ind1=" " ind2="7">
         <subfield code="a">Judaïsme</subfield>
         <subfield code="x">Histoire.</subfield>
         <subfield code="2">ram</subfield>
      </datafield>
      <datafield tag="650" ind1=" " ind2="7">
         <subfield code="a">Juifs</subfield>
         <subfield code="x">Histoire.</subfield>
         <subfield code="2">ram</subfield>
      </datafield>
      <datafield tag="653" ind1="0" ind2=" ">
         <subfield code="a">Judaism</subfield>
         <subfield code="a">History</subfield>
      </datafield>
      <datafield tag="655" ind1=" " ind2="7">
         <subfield code="a">History.</subfield>
         <subfield code="2">fast</subfield>
         <subfield code="0">(OCoLC)fst01411628</subfield>
      </datafield>
      <datafield tag="700" ind1="1" ind2=" ">
         <subfield code="a">Tadmor, Miriam,</subfield>
         <subfield code="e">former owner.</subfield>
         <subfield code="5">NyNyUAW</subfield>
      </datafield>
      <datafield tag="700" ind1="1" ind2=" ">
         <subfield code="a">Tadmor, Hayim,</subfield>
         <subfield code="e">former owner.</subfield>
         <subfield code="5">NyNyUAW</subfield>
      </datafield>
      <datafield tag="700" ind1="1" ind2=" ">
         <subfield code="a">Owen, David I.,</subfield>
         <subfield code="e">former owner.</subfield>
         <subfield code="5">NyNyUAW</subfield>
      </datafield>
      <datafield tag="740" ind1="0" ind2=" ">
         <subfield code="a">Tadmor Collection.</subfield>
         <subfield code="5">NyNyUAW</subfield>
      </datafield>
      <datafield tag="740" ind1="0" ind2=" ">
         <subfield code="a">Owen Collection.</subfield>
         <subfield code="5">NyNyUAW</subfield>
      </datafield>
      <datafield tag="700" ind1="1" ind2=" ">
         <subfield code="a">Davies, W. D.</subfield>
         <subfield code="q">(William David),</subfield>
         <subfield code="d">1911-2001.</subfield>
      </datafield>
      <datafield tag="700" ind1="1" ind2=" ">
         <subfield code="a">Finkelstein, Louis,</subfield>
         <subfield code="d">1895-1991.</subfield>
      </datafield>
      <datafield tag="700" ind1="1" ind2=" ">
         <subfield code="a">Horbury, William.</subfield>
      </datafield>
      <datafield tag="700" ind1="1" ind2=" ">
         <subfield code="a">Sturdy, John.</subfield>
      </datafield>
      <datafield tag="700" ind1="1" ind2=" ">
         <subfield code="a">Katz, Steven T.,</subfield>
         <subfield code="d">1944-</subfield>
      </datafield>
      <datafield tag="776" ind1="0" ind2="8">
         <subfield code="i">Online version:</subfield>
         <subfield code="t">Cambridge history of Judaism.</subfield>
         <subfield code="d">Cambridge ; New York : Cambridge University Press, 1984-&lt;2006&gt;</subfield>
         <subfield code="w">(OCoLC)812164788</subfield>
      </datafield>
      <datafield tag="856" ind1="4" ind2="1">
         <subfield code="3">Table of contents</subfield>
         <subfield code="u">http://catdir.loc.gov/catdir/toc/cam023/77085704.html</subfield>
      </datafield>
      <datafield tag="856" ind1="4" ind2="2">
         <subfield code="3">Publisher description</subfield>
         <subfield code="u">http://catdir.loc.gov/catdir/description/cam022/77085704.html</subfield>
      </datafield>
      <datafield tag="OWN" ind1=" " ind2=" ">
         <subfield code="a">GENERAL</subfield>
      </datafield>
      <datafield tag="AVA" ind1=" " ind2=" ">
         <subfield code="a">NYU50</subfield>
         <subfield code="b">BOBST</subfield>
         <subfield code="c">1st Floor Reference</subfield>
         <subfield code="d">BM155.2 .C35 Non-circulating</subfield>
         <subfield code="e">available</subfield>
         <subfield code="t">Available</subfield>
         <subfield code="f">5</subfield>
         <subfield code="g">0</subfield>
         <subfield code="h">Y</subfield>
         <subfield code="i">5</subfield>
         <subfield code="j">REF1</subfield>
         <subfield code="k">0</subfield>
      </datafield>
      <datafield tag="AVA" ind1=" " ind2=" ">
         <subfield code="a">NYU50</subfield>
         <subfield code="b">NISAW</subfield>
         <subfield code="c">Small Collection</subfield>
         <subfield code="d">BM155.2 .C35 1984 Non-circulating</subfield>
         <subfield code="e">available</subfield>
         <subfield code="t">Available</subfield>
         <subfield code="f">2</subfield>
         <subfield code="g">0</subfield>
         <subfield code="h">Y</subfield>
         <subfield code="i">0</subfield>
         <subfield code="j">SMALL</subfield>
         <subfield code="k">0</subfield>
      </datafield>
      <marc:datafield tag="852" ind1=" " ind2=" ">
         <marc:subfield code="b">Institute for the Study of the Ancient World, </marc:subfield>
         <marc:subfield code="c">Small Collection</marc:subfield>
         <marc:subfield code="e">15 East 84th St., </marc:subfield>
         <marc:subfield code="e">New York, NY  10028</marc:subfield>
      </marc:datafield>
      <datafield tag="AVA" ind1=" " ind2=" ">
         <subfield code="a">NYU50</subfield>
         <subfield code="b">TNSFO</subfield>
         <subfield code="c">Main Collection</subfield>
         <subfield code="d">BM155.2 .C35</subfield>
         <subfield code="e">unavailable</subfield>
         <subfield code="t">Unavailable</subfield>
         <subfield code="f">1</subfield>
         <subfield code="g">1</subfield>
         <subfield code="h">Y</subfield>
         <subfield code="i">0</subfield>
         <subfield code="j">MAIN</subfield>
         <subfield code="k">0</subfield>
      </datafield>
   </record>