
  
  
  
  
  
  
  
  
  
  
  
  
 
  
  <record xsi:schemaLocation="http://www.loc.gov/MARC21/slim http://www.loc.gov/standards/marcxml/schema/MARC21slim.xsd">
      <leader>00000cam a2200781 a 4500</leader>
      <controlfield tag="FMT">BK</controlfield>
      <controlfield tag="LDR">00000cam a2200781 a 4500</controlfield>
      <controlfield tag="001">001214045</controlfield>
      <controlfield tag="003">OCoLC</controlfield>
      <controlfield tag="005">20170629163027.0</controlfield>
      <controlfield tag="008">970220m19969999fr ab    b    100 0 fre</controlfield>
      <datafield tag="010" ind1=" " ind2=" ">
         <subfield code="a">97117615</subfield>
      </datafield>
      <datafield tag="020" ind1=" " ind2=" ">
         <subfield code="a">2865382516</subfield>
         <subfield code="q">(v. 1)</subfield>
      </datafield>
      <datafield tag="020" ind1=" " ind2=" ">
         <subfield code="a">9782865382514</subfield>
         <subfield code="q">(v. 1)</subfield>
      </datafield>
      <datafield tag="020" ind1=" " ind2=" ">
         <subfield code="a">2865382818</subfield>
         <subfield code="q">(v. 2)</subfield>
      </datafield>
      <datafield tag="020" ind1=" " ind2=" ">
         <subfield code="a">9782865382811</subfield>
         <subfield code="q">(v. 2)</subfield>
      </datafield>
      <datafield tag="035" ind1=" " ind2=" ">
         <subfield code="a">(OCoLC)36892945</subfield>
         <subfield code="z">(OCoLC)613814294</subfield>
      </datafield>
      <datafield tag="040" ind1=" " ind2=" ">
         <subfield code="a">DLC</subfield>
         <subfield code="b">eng</subfield>
         <subfield code="c">DLC</subfield>
         <subfield code="d">GZM</subfield>
         <subfield code="d">NLGGC</subfield>
         <subfield code="d">LVB</subfield>
         <subfield code="d">GEBAY</subfield>
         <subfield code="d">OCLCO</subfield>
         <subfield code="d">OCLCF</subfield>
         <subfield code="d">OCLCQ</subfield>
         <subfield code="d">OCL</subfield>
         <subfield code="d">ZYU</subfield>
      </datafield>
      <datafield tag="043" ind1=" " ind2=" ">
         <subfield code="a">aw-----</subfield>
      </datafield>
      <datafield tag="050" ind1="0" ind2="0">
         <subfield code="a">DS57</subfield>
         <subfield code="b">.M39 1996</subfield>
      </datafield>
      <datafield tag="079" ind1=" " ind2=" ">
         <subfield code="a">(OCoLC)36892945</subfield>
      </datafield>
      <datafield tag="082" ind1="0" ind2="0">
         <subfield code="a">939/.43</subfield>
         <subfield code="2">21</subfield>
      </datafield>
      <datafield tag="084" ind1=" " ind2=" ">
         <subfield code="a">15.75</subfield>
         <subfield code="2">bcl</subfield>
      </datafield>
      <datafield tag="084" ind1=" " ind2=" ">
         <subfield code="a">15.33</subfield>
         <subfield code="2">bcl</subfield>
      </datafield>
      <datafield tag="245" ind1="0" ind2="0">
         <subfield code="a">Mari, Ebla, et les Hourrites :</subfield>
         <subfield code="b">dix ans de travaux : actes du colloque international, Paris, mai 1993 /</subfield>
         <subfield code="c">textes réunis par Jean-Marie Durand.</subfield>
      </datafield>
      <datafield tag="260" ind1=" " ind2=" ">
         <subfield code="a">Paris :</subfield>
         <subfield code="b">Editions Recherche sur les civilisations,</subfield>
         <subfield code="c">1996-</subfield>
      </datafield>
      <datafield tag="300" ind1=" " ind2=" ">
         <subfield code="a">volumes &lt;1&gt; :</subfield>
         <subfield code="b">illustrations, maps ;</subfield>
         <subfield code="c">30 cm.</subfield>
      </datafield>
      <datafield tag="336" ind1=" " ind2=" ">
         <subfield code="a">text</subfield>
         <subfield code="b">txt</subfield>
         <subfield code="2">rdacontent</subfield>
      </datafield>
      <datafield tag="337" ind1=" " ind2=" ">
         <subfield code="a">unmediated</subfield>
         <subfield code="b">n</subfield>
         <subfield code="2">rdamedia</subfield>
      </datafield>
      <datafield tag="338" ind1=" " ind2=" ">
         <subfield code="a">volume</subfield>
         <subfield code="b">nc</subfield>
         <subfield code="2">rdacarrier</subfield>
      </datafield>
      <datafield tag="490" ind1="1" ind2=" ">
         <subfield code="a">Amurru ;</subfield>
         <subfield code="v">1-2</subfield>
      </datafield>
      <datafield tag="500" ind1=" " ind2=" ">
         <subfield code="a">ISAW copy is from the library of David I. Owen.</subfield>
         <subfield code="5">NyNyUAW</subfield>
      </datafield>
      <datafield tag="500" ind1=" " ind2=" ">
         <subfield code="a">Papers presented at the Colloque Mari, Ebla, et les Hourrites.</subfield>
      </datafield>
      <datafield tag="504" ind1=" " ind2=" ">
         <subfield code="a">Includes bibliographical references.</subfield>
      </datafield>
      <datafield tag="505" ind1="0" ind2="0">
         <subfield code="g">1ère ptie.</subfield>
         <subfield code="t">Avant-propos /</subfield>
         <subfield code="r">D. Charpin, J.M. Durand.</subfield>
         <subfield code="t">Le colloque Mari, Ébla et les Hourrites /</subfield>
         <subfield code="r">P. Garelli, J.M. Durand.</subfield>
         <subfield code="g">1re Section.</subfield>
         <subfield code="t">Ébla.</subfield>
         <subfield code="t">Chronologie relative des archives d'Ébla /</subfield>
         <subfield code="r">A. Archi --</subfield>
         <subfield code="t">Prosopographie et datation relative des textes d'Ébla /</subfield>
         <subfield code="r">M.G. Biga --</subfield>
         <subfield code="t">Le comptes rendus annuels de métaux (CAM) /</subfield>
         <subfield code="r">A. Archi --</subfield>
         <subfield code="t">Les femmes du roi Irkab-Damu /</subfield>
         <subfield code="r">A. Archi --</subfield>
         <subfield code="t">Notes sur la syntaxe éblaïte /</subfield>
         <subfield code="r">P. Fronzaroli --</subfield>
         <subfield code="t">Ébla : gestion des terres et gestion des ressources alimentaires /</subfield>
         <subfield code="r">L. Milano.</subfield>
         <subfield code="g">2e Section.</subfield>
         <subfield code="t">Hourrites Et Élamites.</subfield>
         <subfield code="t">L'état actuel et les perspectives des étude hourrites /</subfield>
         <subfield code="r">G. Wilhelm --</subfield>
         <subfield code="t">La bilingue hourro-hittite de Ḫattuša, contenu et sens /</subfield>
         <subfield code="r">E. Neu --</subfield>
         <subfield code="t">L'apport de la bilingue de Ḫattuša à la lexicologie hourrite /</subfield>
         <subfield code="r">J. Catsanicos --</subfield>
         <subfield code="t">L'Élam a l'époque paléo-babylonienne et ses rapports avec la Mésopotamie /</subfield>
         <subfield code="r">F. Vallat.</subfield>
         <subfield code="g">3re Section.</subfield>
         <subfield code="t">Communications et échanges dans le Proche-Orient amorrite.</subfield>
         <subfield code="t">Routes et voies de communication dans les archives de Mari /</subfield>
         <subfield code="r">F. Joannès --</subfield>
         <subfield code="t">La prospection archéologique de la partie occidentale du Haut Khabur (Syrie du nord-est) : méthodes, résultats et questions autour de l'occupation aux IIIe er IIe millénaire av. n. é /</subfield>
         <subfield code="r">B. Lyonnet --</subfield>
         <subfield code="t">Une entreprise archéologique en Djézireh syrienne /</subfield>
         <subfield code="r">L. Bachelot --</subfield>
         <subfield code="t">Le commerce dans les textes de Mari /</subfield>
         <subfield code="r">C. Michel --</subfield>
         <subfield code="t">Les textes prophétiques de Mari dans leurs relations avec l'Ouest /</subfield>
         <subfield code="r">A. Lemaire.</subfield>
         <subfield code="g">2ème ptie.</subfield>
         <subfield code="g">4e Section.</subfield>
         <subfield code="t">L'administration du royaume de Mari.</subfield>
         <subfield code="t">Les administrateurs de l'époque de Yasmah-Addu /</subfield>
         <subfield code="r">P. Villard --</subfield>
         <subfield code="t">Les gouverneurs provinciaux du royaume de Mari à l'époque de Zimrî-Lîm /</subfield>
         <subfield code="r">B. Lion.</subfield>
         <subfield code="g">5e Section.</subfield>
         <subfield code="t">La vie diplomatique du Proche-Orient à l'époque amorrite.</subfield>
         <subfield code="t">Relations internationales, alliances et diplomatie au temps des rois de Mari /</subfield>
         <subfield code="r">B. La Font --</subfield>
         <subfield code="t">On reading the diplomatic Letters in the Mari Archives /</subfield>
         <subfield code="r">J.M. Sasson.</subfield>
      </datafield>
      <datafield tag="651" ind1=" " ind2="0">
         <subfield code="a">Middle East</subfield>
         <subfield code="x">Civilization</subfield>
         <subfield code="y">To 622</subfield>
         <subfield code="v">Congresses.</subfield>
      </datafield>
      <datafield tag="651" ind1=" " ind2="0">
         <subfield code="a">Ebla (Extinct city)</subfield>
         <subfield code="v">Congresses.</subfield>
      </datafield>
      <datafield tag="651" ind1=" " ind2="0">
         <subfield code="a">Mari (Extinct city)</subfield>
         <subfield code="v">Congresses.</subfield>
      </datafield>
      <datafield tag="650" ind1=" " ind2="0">
         <subfield code="a">Hurrians</subfield>
         <subfield code="v">Congresses.</subfield>
      </datafield>
      <datafield tag="651" ind1=" " ind2="7">
         <subfield code="a">Māri.</subfield>
         <subfield code="2">pleiades</subfield>
         <subfield code="0">https://pleiades.stoa.org/places/286681704</subfield>
      </datafield>
      <datafield tag="651" ind1=" " ind2="7">
         <subfield code="a">Ebla.</subfield>
         <subfield code="2">pleiades</subfield>
         <subfield code="0">https://pleiades.stoa.org/places/869702586</subfield>
      </datafield>
      <datafield tag="650" ind1=" " ind2="7">
         <subfield code="a">Civilization.</subfield>
         <subfield code="2">fast</subfield>
         <subfield code="0">(OCoLC)fst00862898</subfield>
      </datafield>
      <datafield tag="650" ind1=" " ind2="7">
         <subfield code="a">Hurrians.</subfield>
         <subfield code="2">fast</subfield>
         <subfield code="0">(OCoLC)fst00964305</subfield>
      </datafield>
      <datafield tag="651" ind1=" " ind2="7">
         <subfield code="a">Middle East.</subfield>
         <subfield code="2">fast</subfield>
         <subfield code="0">(OCoLC)fst01241586</subfield>
      </datafield>
      <datafield tag="651" ind1=" " ind2="7">
         <subfield code="a">Syria</subfield>
         <subfield code="z">Ebla (Extinct city)</subfield>
         <subfield code="2">fast</subfield>
         <subfield code="0">(OCoLC)fst01896913</subfield>
      </datafield>
      <datafield tag="651" ind1=" " ind2="7">
         <subfield code="a">Syria</subfield>
         <subfield code="z">Mari (Extinct city)</subfield>
         <subfield code="2">fast</subfield>
         <subfield code="0">(OCoLC)fst01896902</subfield>
      </datafield>
      <datafield tag="648" ind1=" " ind2="7">
         <subfield code="a">To 622.</subfield>
         <subfield code="2">fast</subfield>
      </datafield>
      <datafield tag="655" ind1=" " ind2="7">
         <subfield code="a">Conference papers and proceedings.</subfield>
         <subfield code="2">fast</subfield>
         <subfield code="0">(OCoLC)fst01423772</subfield>
      </datafield>
      <datafield tag="700" ind1="1" ind2=" ">
         <subfield code="a">Owen, David I.,</subfield>
         <subfield code="e">former owner.</subfield>
         <subfield code="5">NyNyUAW</subfield>
      </datafield>
      <datafield tag="740" ind1="0" ind2=" ">
         <subfield code="a">Owen Collection.</subfield>
         <subfield code="5">NyNyUAW</subfield>
      </datafield>
      <datafield tag="700" ind1="1" ind2=" ">
         <subfield code="a">Durand, J.-M.</subfield>
      </datafield>
      <datafield tag="711" ind1="2" ind2=" ">
         <subfield code="a">Colloque Mari, Ebla, et les Hourrites</subfield>
         <subfield code="d">(1993 :</subfield>
         <subfield code="c">Paris, France)</subfield>
      </datafield>
      <datafield tag="830" ind1=" " ind2="0">
         <subfield code="a">Amurru ;</subfield>
         <subfield code="v">1-2.</subfield>
      </datafield>
      <datafield tag="OWN" ind1=" " ind2=" ">
         <subfield code="a">GENERAL</subfield>
      </datafield>
      <datafield tag="AVA" ind1=" " ind2=" ">
         <subfield code="a">NYU50</subfield>
         <subfield code="b">BOBST</subfield>
         <subfield code="c">Main Collection</subfield>
         <subfield code="d">DS57 .M39 1996</subfield>
         <subfield code="e">available</subfield>
         <subfield code="t">Available</subfield>
         <subfield code="f">1</subfield>
         <subfield code="g">0</subfield>
         <subfield code="h">Y</subfield>
         <subfield code="i">9</subfield>
         <subfield code="j">MAIN</subfield>
         <subfield code="k">0</subfield>
      </datafield>
      <datafield tag="AVA" ind1=" " ind2=" ">
         <subfield code="a">NYU50</subfield>
         <subfield code="b">NIFA</subfield>
         <subfield code="c">Main Collection</subfield>
         <subfield code="d">DS57 .M39 1996 Non-circulating</subfield>
         <subfield code="e">available</subfield>
         <subfield code="t">Available</subfield>
         <subfield code="f">1</subfield>
         <subfield code="g">0</subfield>
         <subfield code="h">Y</subfield>
         <subfield code="i">0</subfield>
         <subfield code="j">MAIN</subfield>
         <subfield code="k">0</subfield>
      </datafield>
      <datafield tag="AVA" ind1=" " ind2=" ">
         <subfield code="a">NYU50</subfield>
         <subfield code="b">NISAW</subfield>
         <subfield code="c">Large Collection</subfield>
         <subfield code="d">DS57 .M39 1996 Non-circulating</subfield>
         <subfield code="e">available</subfield>
         <subfield code="t">Available</subfield>
         <subfield code="f">2</subfield>
         <subfield code="g">0</subfield>
         <subfield code="h">Y</subfield>
         <subfield code="i">0</subfield>
         <subfield code="j">LARGE</subfield>
         <subfield code="k">0</subfield>
      </datafield>
      <marc:datafield tag="852" ind1=" " ind2=" ">
         <marc:subfield code="b">Institute for the Study of the Ancient World, </marc:subfield>
         <marc:subfield code="c">Large Collection</marc:subfield>
         <marc:subfield code="e">15 East 84th St., </marc:subfield>
         <marc:subfield code="e">New York, NY  10028</marc:subfield>
      </marc:datafield>
   </record>