
  
  
  
  
  
  
  
  
  
  
  
 
  
  <record xsi:schemaLocation="http://www.loc.gov/MARC21/slim http://www.loc.gov/standards/marcxml/schema/MARC21slim.xsd">
      <leader>00000cam a2200889 a 4500</leader>
      <controlfield tag="FMT">BK</controlfield>
      <controlfield tag="LDR">00000cam a2200889 a 4500</controlfield>
      <controlfield tag="001">002191511</controlfield>
      <controlfield tag="003">NNU</controlfield>
      <controlfield tag="005">20170623112349.0</controlfield>
      <controlfield tag="008">821112m19689999mauabef  b    001 0 eng</controlfield>
      <datafield tag="010" ind1=" " ind2=" ">
         <subfield code="a">67012845</subfield>
      </datafield>
      <datafield tag="020" ind1=" " ind2=" ">
         <subfield code="a">0521069351 (v. 1)</subfield>
      </datafield>
      <datafield tag="020" ind1=" " ind2=" ">
         <subfield code="a">0521200911 (v. 2)</subfield>
      </datafield>
      <datafield tag="020" ind1=" " ind2=" ">
         <subfield code="a">0521200938 (v. 4)</subfield>
      </datafield>
      <datafield tag="020" ind1=" " ind2=" ">
         <subfield code="a">052106936x (v. 5)</subfield>
      </datafield>
      <datafield tag="035" ind1="9" ind2=" ">
         <subfield code="a">NYUb11229411</subfield>
      </datafield>
      <datafield tag="035" ind1=" " ind2=" ">
         <subfield code="a">GLIS003117845</subfield>
      </datafield>
      <datafield tag="035" ind1=" " ind2=" ">
         <subfield code="a">(CStRLIN)NYUG82-B28812</subfield>
      </datafield>
      <datafield tag="035" ind1=" " ind2=" ">
         <subfield code="a">(OCoLC)0745412b</subfield>
      </datafield>
      <datafield tag="040" ind1=" " ind2=" ">
         <subfield code="d">NNU</subfield>
      </datafield>
      <datafield tag="043" ind1=" " ind2=" ">
         <subfield code="a">a-ir---</subfield>
      </datafield>
      <datafield tag="050" ind1="0" ind2="0">
         <subfield code="a">DS272</subfield>
         <subfield code="b">.C34 1968</subfield>
      </datafield>
      <datafield tag="079" ind1=" " ind2=" ">
         <subfield code="a">(OCoLC)745412</subfield>
      </datafield>
      <datafield tag="245" ind1="0" ind2="4">
         <subfield code="a">The Cambridge history of Iran.</subfield>
      </datafield>
      <datafield tag="260" ind1=" " ind2=" ">
         <subfield code="a">Cambridge :</subfield>
         <subfield code="b">University Press,</subfield>
         <subfield code="c">1968-</subfield>
      </datafield>
      <datafield tag="300" ind1=" " ind2=" ">
         <subfield code="a">v. :</subfield>
         <subfield code="b">ill. (some col.), maps, plans ;</subfield>
         <subfield code="c">24 cm.</subfield>
      </datafield>
      <datafield tag="504" ind1=" " ind2=" ">
         <subfield code="a">Includes bibliographical references and indexes.</subfield>
      </datafield>
      <datafield tag="505" ind1="1" ind2="0">
         <subfield code="g">v. 1.</subfield>
         <subfield code="t">Land of Iran /</subfield>
         <subfield code="r">edited by W.B. Fisher --</subfield>
         <subfield code="g">v. 2.</subfield>
         <subfield code="t">Median and Achaemenian periods /</subfield>
         <subfield code="r">edited by I. Gershevitch --</subfield>
         <subfield code="g">v. 3.</subfield>
         <subfield code="t">Seleucid, Parthian and Sasanian periods (2 v.) /</subfield>
         <subfield code="r">edited by E. Yarshater --</subfield>
         <subfield code="g">v. 4.</subfield>
         <subfield code="t">Period from the Arab invasion to the Saljuqs /</subfield>
         <subfield code="r">edited by R.N. Frye --</subfield>
         <subfield code="g">v. 5.</subfield>
         <subfield code="t">Saljuq and Mongol periods /</subfield>
         <subfield code="r">edited by J.A. Boyle --</subfield>
         <subfield code="g">v. 6.</subfield>
         <subfield code="t">Timurid and Safavid periods /</subfield>
         <subfield code="r">edited by L. Lockhart --</subfield>
         <subfield code="g">v. 7.</subfield>
         <subfield code="t">From Nadir Shah to the Islamic Republic /</subfield>
         <subfield code="r">edited by P.W. Avery, G.R.G. Hambly, C. Melville</subfield>
      </datafield>
      <datafield tag="500" ind1=" " ind2=" ">
         <subfield code="a">ISAW copy (v.1) is from the library of David I. Owen.</subfield>
         <subfield code="5">NyNyUAW</subfield>
      </datafield>
      <datafield tag="500" ind1=" " ind2=" ">
         <subfield code="a">ISAW copy (v.2) is from the library of Hayim and Miriam Tadmor.</subfield>
         <subfield code="5">NyNyUAW</subfield>
      </datafield>
      <datafield tag="651" ind1=" " ind2="0">
         <subfield code="a">Iran</subfield>
         <subfield code="x">History.</subfield>
      </datafield>
      <datafield tag="700" ind1="1" ind2=" ">
         <subfield code="a">Fisher, W. B.</subfield>
         <subfield code="q">(William Bayne)</subfield>
      </datafield>
      <datafield tag="700" ind1="1" ind2=" ">
         <subfield code="a">Boyd, John Andrew</subfield>
      </datafield>
      <datafield tag="700" ind1="1" ind2=" ">
         <subfield code="a">Tadmor, Miriam,</subfield>
         <subfield code="e">former owner.</subfield>
         <subfield code="5">NyNyUAW</subfield>
      </datafield>
      <datafield tag="700" ind1="1" ind2=" ">
         <subfield code="a">Tadmor, Hayim,</subfield>
         <subfield code="e">former owner.</subfield>
         <subfield code="5">NyNyUAW</subfield>
      </datafield>
      <datafield tag="700" ind1="1" ind2=" ">
         <subfield code="a">Owen, David I.,</subfield>
         <subfield code="e">former owner.</subfield>
         <subfield code="5">NyNyUAW</subfield>
      </datafield>
      <datafield tag="740" ind1="0" ind2=" ">
         <subfield code="a">Tadmor Collection.</subfield>
         <subfield code="5">NyNyUAW</subfield>
      </datafield>
      <datafield tag="740" ind1="0" ind2=" ">
         <subfield code="a">Owen Collection.</subfield>
         <subfield code="5">NyNyUAW</subfield>
      </datafield>
      <datafield tag="OWN" ind1=" " ind2=" ">
         <subfield code="a">GENERAL</subfield>
      </datafield>
      <datafield tag="950" ind1=" " ind2=" ">
         <subfield code="l">BMAIN</subfield>
         <subfield code="a">DS272</subfield>
         <subfield code="b">.C34</subfield>
         <subfield code="n">455:sl\Unanalyzed\</subfield>
         <subfield code="h">01/14/92 N</subfield>
         <subfield code="h">09/08/86 C</subfield>
         <subfield code="h">04/14/86 C</subfield>
         <subfield code="h">01/01/01 N</subfield>
      </datafield>
      <datafield tag="950" ind1=" " ind2=" ">
         <subfield code="l">BREF</subfield>
         <subfield code="a">DS272</subfield>
         <subfield code="b">.C34</subfield>
         <subfield code="n">455:sl\Unanalyzed\</subfield>
         <subfield code="h">01/14/92 N</subfield>
         <subfield code="h">12/12/91 C</subfield>
         <subfield code="h">09/08/86 C</subfield>
         <subfield code="h">04/14/86 C</subfield>
      </datafield>
      <datafield tag="950" ind1=" " ind2=" ">
         <subfield code="l">IFAM</subfield>
         <subfield code="a">DS272</subfield>
         <subfield code="b">.C16</subfield>
         <subfield code="n">455:sl\Unanalyzed\</subfield>
         <subfield code="f">ARCHON</subfield>
         <subfield code="i">12/22/92 C</subfield>
         <subfield code="h">02/20/92 C</subfield>
         <subfield code="h">01/14/92 N</subfield>
         <subfield code="h">03/01/89 C</subfield>
         <subfield code="h">10/02/87 N</subfield>
         <subfield code="h">09/18/87 RA</subfield>
         <subfield code="h">11/12/82 C |495:sl\ARCHON main entry\</subfield>
      </datafield>
      <datafield tag="950" ind1=" " ind2=" ">
         <subfield code="l">NEWRF</subfield>
         <subfield code="a">DS272</subfield>
         <subfield code="b">.C34</subfield>
         <subfield code="n">455:sl\Unanalyzed\</subfield>
         <subfield code="h">12/17/91 C</subfield>
         <subfield code="h">01/05/87 C</subfield>
         <subfield code="h">05/16/86 C</subfield>
         <subfield code="h">04/14/86 C</subfield>
      </datafield>
      <datafield tag="950" ind1=" " ind2=" ">
         <subfield code="l">KEV</subfield>
         <subfield code="a">DS272</subfield>
         <subfield code="b">.C34</subfield>
         <subfield code="n">455:sl\Unanalyzed\</subfield>
         <subfield code="h">01/30/90 C</subfield>
         <subfield code="h">09/06/89 C</subfield>
         <subfield code="h">08/16/89 C</subfield>
      </datafield>
      <datafield tag="955" ind1=" " ind2=" ">
         <subfield code="l">BMAIN</subfield>
         <subfield code="c">1:v.1</subfield>
         <subfield code="h">09/08/86 C</subfield>
      </datafield>
      <datafield tag="955" ind1=" " ind2=" ">
         <subfield code="l">BMAIN</subfield>
         <subfield code="c">1:v.5</subfield>
         <subfield code="h">09/08/86 C</subfield>
      </datafield>
      <datafield tag="955" ind1=" " ind2=" ">
         <subfield code="l">BMAIN</subfield>
         <subfield code="c">2:v.4</subfield>
         <subfield code="r">002941865</subfield>
         <subfield code="h">04/04/86 C</subfield>
      </datafield>
      <datafield tag="955" ind1=" " ind2=" ">
         <subfield code="l">BMAIN</subfield>
         <subfield code="c">2:v.5</subfield>
         <subfield code="r">010933128</subfield>
         <subfield code="h">04/04/86 C</subfield>
      </datafield>
      <datafield tag="955" ind1=" " ind2=" ">
         <subfield code="l">BMAIN</subfield>
         <subfield code="c">3:v.1</subfield>
         <subfield code="r">001019044</subfield>
         <subfield code="h">04/04/86 C</subfield>
      </datafield>
      <datafield tag="955" ind1=" " ind2=" ">
         <subfield code="l">BMAIN</subfield>
         <subfield code="c">3:v.5</subfield>
         <subfield code="h">09/08/86 C</subfield>
      </datafield>
      <datafield tag="955" ind1=" " ind2=" ">
         <subfield code="l">BMAIN</subfield>
         <subfield code="c">4:v.4</subfield>
         <subfield code="r">004934389</subfield>
         <subfield code="h">04/04/86 C</subfield>
      </datafield>
      <datafield tag="955" ind1=" " ind2=" ">
         <subfield code="l">BMAIN</subfield>
         <subfield code="c">4:v.1</subfield>
         <subfield code="h">09/08/86 C</subfield>
      </datafield>
      <datafield tag="955" ind1=" " ind2=" ">
         <subfield code="l">BMAIN</subfield>
         <subfield code="c">5:v.1</subfield>
         <subfield code="h">04/04/86 C</subfield>
      </datafield>
      <datafield tag="955" ind1=" " ind2=" ">
         <subfield code="l">BMAIN</subfield>
         <subfield code="c">5:v.5</subfield>
         <subfield code="r">000678493</subfield>
         <subfield code="h">04/14/86 C</subfield>
      </datafield>
      <datafield tag="955" ind1=" " ind2=" ">
         <subfield code="l">BMAIN</subfield>
         <subfield code="c">5:v.4</subfield>
         <subfield code="r">004939354</subfield>
         <subfield code="h">04/14/86 C</subfield>
      </datafield>
      <datafield tag="955" ind1=" " ind2=" ">
         <subfield code="l">BMAIN</subfield>
         <subfield code="c">6:v.1</subfield>
         <subfield code="r">001618126</subfield>
         <subfield code="h">04/04/86 C</subfield>
      </datafield>
      <datafield tag="955" ind1=" " ind2=" ">
         <subfield code="l">BMAIN</subfield>
         <subfield code="c">6:v.5</subfield>
         <subfield code="r">002424219</subfield>
         <subfield code="h">04/14/86 C</subfield>
      </datafield>
      <datafield tag="955" ind1=" " ind2=" ">
         <subfield code="l">BMAIN</subfield>
         <subfield code="c">7:v.1</subfield>
         <subfield code="r">001682254</subfield>
         <subfield code="h">04/04/86 C</subfield>
      </datafield>
      <datafield tag="955" ind1=" " ind2=" ">
         <subfield code="l">BMAIN</subfield>
         <subfield code="c">7:v.5</subfield>
         <subfield code="h">09/08/86 C</subfield>
      </datafield>
      <datafield tag="955" ind1=" " ind2=" ">
         <subfield code="l">BREF</subfield>
         <subfield code="c">1:v.7</subfield>
         <subfield code="q">82-B28812-4</subfield>
         <subfield code="h">12/12/91 C</subfield>
      </datafield>
      <datafield tag="955" ind1=" " ind2=" ">
         <subfield code="l">BREF</subfield>
         <subfield code="c">1:v.3,pt.1</subfield>
         <subfield code="h">04/14/86 C</subfield>
      </datafield>
      <datafield tag="955" ind1=" " ind2=" ">
         <subfield code="l">BREF</subfield>
         <subfield code="c">1:v.3,pt.2</subfield>
         <subfield code="h">04/14/86 C</subfield>
      </datafield>
      <datafield tag="955" ind1=" " ind2=" ">
         <subfield code="l">BREF</subfield>
         <subfield code="c">1:v.6</subfield>
         <subfield code="h">04/14/86 C</subfield>
      </datafield>
      <datafield tag="955" ind1=" " ind2=" ">
         <subfield code="l">BREF</subfield>
         <subfield code="c">1:v.4</subfield>
         <subfield code="h">09/08/86 C</subfield>
      </datafield>
      <datafield tag="955" ind1=" " ind2=" ">
         <subfield code="l">BREF</subfield>
         <subfield code="c">2:v.1</subfield>
         <subfield code="h">04/14/86 C</subfield>
      </datafield>
      <datafield tag="955" ind1=" " ind2=" ">
         <subfield code="l">BREF</subfield>
         <subfield code="c">3:v.4</subfield>
         <subfield code="h">04/14/86 C</subfield>
      </datafield>
      <datafield tag="955" ind1=" " ind2=" ">
         <subfield code="l">BREF</subfield>
         <subfield code="c">4:v.5</subfield>
         <subfield code="h">04/14/86 C</subfield>
      </datafield>
      <datafield tag="955" ind1=" " ind2=" ">
         <subfield code="l">IFAM</subfield>
         <subfield code="c">1:v.1</subfield>
         <subfield code="s">Paper--acidic, still secure. Binding--front board and spine detached, otherwise sound.</subfield>
         <subfield code="h">11/12/82 C</subfield>
      </datafield>
      <datafield tag="955" ind1=" " ind2=" ">
         <subfield code="l">IFAM</subfield>
         <subfield code="c">1:v.4</subfield>
         <subfield code="h">11/12/82 C</subfield>
      </datafield>
      <datafield tag="955" ind1=" " ind2=" ">
         <subfield code="l">IFAM</subfield>
         <subfield code="c">1:v.3,pt.1</subfield>
         <subfield code="h">09/18/87 C</subfield>
      </datafield>
      <datafield tag="955" ind1=" " ind2=" ">
         <subfield code="l">IFAM</subfield>
         <subfield code="c">1:v.6</subfield>
         <subfield code="h">03/01/89 C</subfield>
      </datafield>
      <datafield tag="955" ind1=" " ind2=" ">
         <subfield code="l">IFAM</subfield>
         <subfield code="c">1:v.5</subfield>
         <subfield code="h">02/20/92 C</subfield>
      </datafield>
      <datafield tag="955" ind1=" " ind2=" ">
         <subfield code="l">IFAM</subfield>
         <subfield code="c">1:v.7</subfield>
         <subfield code="i">12/22/92 C</subfield>
      </datafield>
      <datafield tag="955" ind1=" " ind2=" ">
         <subfield code="l">NEWRF</subfield>
         <subfield code="c">1:v.7</subfield>
         <subfield code="q">82-B28812-2</subfield>
         <subfield code="h">12/17/91 C</subfield>
      </datafield>
      <datafield tag="955" ind1=" " ind2=" ">
         <subfield code="l">NEWRF</subfield>
         <subfield code="c">1:v.3,pt.1</subfield>
         <subfield code="q">82-B28812-1</subfield>
         <subfield code="h">01/05/87 C</subfield>
      </datafield>
      <datafield tag="955" ind1=" " ind2=" ">
         <subfield code="l">NEWRF</subfield>
         <subfield code="c">1:v.2</subfield>
         <subfield code="q">82-B28812-1</subfield>
         <subfield code="h">05/16/86 C</subfield>
      </datafield>
      <datafield tag="955" ind1=" " ind2=" ">
         <subfield code="l">NEWRF</subfield>
         <subfield code="c">1:v.6</subfield>
         <subfield code="q">82-B28812-2</subfield>
         <subfield code="h">04/14/86 C</subfield>
      </datafield>
      <datafield tag="955" ind1=" " ind2=" ">
         <subfield code="l">NEWRF</subfield>
         <subfield code="c">1:v.3,pt.2</subfield>
         <subfield code="h">01/05/87 C</subfield>
      </datafield>
      <datafield tag="955" ind1=" " ind2=" ">
         <subfield code="l">KEV</subfield>
         <subfield code="c">1:v.5</subfield>
         <subfield code="q">82-B28812-3</subfield>
         <subfield code="h">01/30/90 C</subfield>
      </datafield>
      <datafield tag="955" ind1=" " ind2=" ">
         <subfield code="l">KEV</subfield>
         <subfield code="c">1:v.3,pt.1</subfield>
         <subfield code="q">82-B28812-3</subfield>
         <subfield code="h">09/06/89 C</subfield>
      </datafield>
      <datafield tag="955" ind1=" " ind2=" ">
         <subfield code="l">KEV</subfield>
         <subfield code="c">1:v.1</subfield>
         <subfield code="q">82-B28812-3</subfield>
         <subfield code="h">08/16/89 C</subfield>
      </datafield>
      <datafield tag="955" ind1=" " ind2=" ">
         <subfield code="l">KEV</subfield>
         <subfield code="c">1:v.4</subfield>
         <subfield code="q">82-B28812-3</subfield>
         <subfield code="h">08/16/89 C</subfield>
      </datafield>
      <datafield tag="955" ind1=" " ind2=" ">
         <subfield code="l">KEV</subfield>
         <subfield code="c">1:v.6</subfield>
         <subfield code="q">82-B28812-3</subfield>
         <subfield code="h">08/16/89 C</subfield>
      </datafield>
      <datafield tag="955" ind1=" " ind2=" ">
         <subfield code="l">KEV</subfield>
         <subfield code="c">1:v.3,pt 2</subfield>
         <subfield code="q">82-B28812-3</subfield>
         <subfield code="h">08/16/89 C</subfield>
      </datafield>
      <datafield tag="955" ind1=" " ind2=" ">
         <subfield code="l">KEV</subfield>
         <subfield code="c">1:v.2</subfield>
         <subfield code="h">08/16/89 C</subfield>
      </datafield>
      <datafield tag="AVA" ind1=" " ind2=" ">
         <subfield code="a">NYU50</subfield>
         <subfield code="b">BOBST</subfield>
         <subfield code="c">Main Collection</subfield>
         <subfield code="d">DS272 .C34</subfield>
         <subfield code="e">check_holdings</subfield>
         <subfield code="t">Check Holdings</subfield>
         <subfield code="h">Y</subfield>
         <subfield code="j">MAIN</subfield>
         <subfield code="k">0</subfield>
      </datafield>
      <datafield tag="AVA" ind1=" " ind2=" ">
         <subfield code="a">NYU50</subfield>
         <subfield code="b">NIFA</subfield>
         <subfield code="c">Main Collection</subfield>
         <subfield code="d">DS272 .C16 Non-circulating</subfield>
         <subfield code="e">available</subfield>
         <subfield code="t">Available</subfield>
         <subfield code="f">8</subfield>
         <subfield code="g">0</subfield>
         <subfield code="h">Y</subfield>
         <subfield code="i">0</subfield>
         <subfield code="j">MAIN</subfield>
         <subfield code="k">0</subfield>
      </datafield>
      <datafield tag="AVA" ind1=" " ind2=" ">
         <subfield code="a">NYU50</subfield>
         <subfield code="b">NISAW</subfield>
         <subfield code="c">Small Collection</subfield>
         <subfield code="d">DS272 .C34 1968 Non-circulating</subfield>
         <subfield code="e">available</subfield>
         <subfield code="t">Available</subfield>
         <subfield code="f">4</subfield>
         <subfield code="g">0</subfield>
         <subfield code="h">Y</subfield>
         <subfield code="i">0</subfield>
         <subfield code="j">SMALL</subfield>
         <subfield code="k">0</subfield>
      </datafield>
      <marc:datafield tag="852" ind1=" " ind2=" ">
         <marc:subfield code="b">Institute for the Study of the Ancient World, </marc:subfield>
         <marc:subfield code="c">Small Collection</marc:subfield>
         <marc:subfield code="e">15 East 84th St., </marc:subfield>
         <marc:subfield code="e">New York, NY  10028</marc:subfield>
      </marc:datafield>
      <datafield tag="AVA" ind1=" " ind2=" ">
         <subfield code="a">NYU50</subfield>
         <subfield code="b">NKEV</subfield>
         <subfield code="c">Main Collection</subfield>
         <subfield code="d">DS272 .C34 Non-circulating</subfield>
         <subfield code="e">available</subfield>
         <subfield code="t">Available</subfield>
         <subfield code="f">7</subfield>
         <subfield code="g">0</subfield>
         <subfield code="h">Y</subfield>
         <subfield code="i">0</subfield>
         <subfield code="j">MAIN</subfield>
         <subfield code="k">0</subfield>
      </datafield>
      <datafield tag="AVA" ind1=" " ind2=" ">
         <subfield code="a">NYU50</subfield>
         <subfield code="b">TNSFO</subfield>
         <subfield code="c">Main Collection</subfield>
         <subfield code="d">DS272.C34 Library Use Only</subfield>
         <subfield code="e">unavailable</subfield>
         <subfield code="t">Unavailable</subfield>
         <subfield code="f">8</subfield>
         <subfield code="g">8</subfield>
         <subfield code="h">Y</subfield>
         <subfield code="i">0</subfield>
         <subfield code="j">MAIN</subfield>
         <subfield code="k">0</subfield>
      </datafield>
   </record>